@article{adjimoti2018,
  title={Crop Diversification and Household Food Security Status: Evidence from Rural Benin},
  author={Adjimoti, G.~O. and Kwadzo, G.~T.-M.},
  journal={Agriculture \& Food Security},
  volume={7},
  number={1},
  pages={1--12},
  year={2018},
  publisher={Springer},
  langid={english},
  hyphenation={english}
}

@article{agreste2015,
    author = {Agreste},
    title = {Mémento de la statistique agricole, Poitou-Charentes},
    journal = {Direction Régionale de l’Alimentation, de l’Agriculture et de la Forêt},
    year = {2015}
}

@article{aigner1977,
  title={Formulation and Estimation of Stochastic Frontier Production Function Models},
  author={Aigner, D. and Lovell, C.~A.~K. and Schmidt, P.},
  journal={Journal of Econometrics},
  volume={6},
  number={1},
  pages={21--37},
  year={1977},
  langid={english},
  publisher={Elsevier}
}

@article{aitsidhoum2023,
  title={Do Agri-Environment Measures Help Improve Environmental and Economic Efficiency? Evidence from Bavarian Dairy Farmers},
  author={Ait Sidhoum, A. and Mennig, P. and Sauer, J.},
  journal={European Review of Agricultural Economics},
  volume={50},
  number={3},
  pages={918--953},
  year={2023},
  publisher={Oxford University Press},
  langid={english},
}

@article{aitsidhoum2020,
  title={Measuring Sustainability Efficiency at Farm Level: A Data Envelopment Analysis Approach},
  author={Ait Sidhoum, A. and Serra, T. and Latruffe, L.},
  journal={European Review of Agricultural Economics},
  volume={47},
  number={1},
  pages={200--225},
  year={2020},
  langid={english},
  publisher={Oxford University Press}
}

@article{aldanondo2014,
  title={Environmental Efficiency and the Impact of Regulation in Dryland Organic Vine Production},
  author={Aldanondo-Ochoa, A. M. and Casasnovas-Oliva, V. L. and Arandia-Miura, A.},
  journal={Land Use Policy},
  volume={36},
  pages={275--284},
  year={2014},
  langid={english},
  publisher={Elsevier}
}

@article{alem2019,
  title={Regional Differences in Technical Efficiency and Technological Gap of Norwegian Dairy Farms: A Stochastic Meta-frontier Model},
  author={Alem, H. and Lien, G. and Hardaker, J.~B. and Guttormsen, A.},
  journal={Applied Economics},
  volume={51},
  number={4},
  pages={409--421},
  year={2019},
  langid={english},
  publisher={Taylor \& Francis}
}

@article{arslan2018,
  title={Decrease in Biodiversity in Wheat Fields due to Changing Agricultural Practices in Five Decades},
  author={Arslan, Z.~F.},
  journal={Biodiversity and Conservation},
  volume={27},
  number={12},
  pages={3267--3286},
  year={2018},
  langid={english},
  publisher={Springer}
}

@book{arvanitopoulos2021,
  title={Carbon Leakage and Agriculture: A Literature Review on Emissions Mitigation Policies},
  author={Arvanitopoulos, T. and Garsous, G. and Agnolucci, P.},
  journal={OECD Food, Agriculture and Fisheries Papers},
  volume={169},
  year={2021},
  publisher={OECD Publications},
  langid={english},
}

@article{balez2015sources,
  title={The Sources of the Total Factor Productivity Growth in Lithuanian Family Farms: A F{\"a}re-Primont Index Approach},
  author={Baležentis, T.},
  journal={Prague Economic Papers},
  volume={24},
  number={2},
  pages={225--241},
  year={2015},
  langid={english},
  publisher={Prague University of Economics and Business}
}

@article{balk2020toolbox,
  title={A Toolbox for Calculating and Decomposing Total Factor Productivity Indices},
  author={Balk, B.~M. and Barbero, J. and Zof{\'\i}o, J.~L.},
  journal={Computers \& Operations Research},
  volume={115},
  pages={104853},
  year={2020},
  langid={english}
}

@article{barath2020effect,
  title={The Effect of Investment, LFA and Agri‐environmental Subsidies on the Components of Total Factor Productivity: The Case of Slovenian Farms},
  author={Baráth, L. and Fertő, I. and Bojnec, Š.},
  journal={Journal of Agricultural Economics},
  volume={71},
  number={3},
  pages={853--876},
  year={2020},
  langid={english}
}

@article{basavaraj2016crop,
  title={Crop Diversification in Gadag District of Karnataka},
  author={Basavaraj, N.~D. and Gajanana, T.~M. and Satishkumar, M.},
  journal={Agricultural Economics Research Review},
  volume={29},
  number={1},
  pages={241251},
  year={2016},
  langid={english},
  publisher={Agricultural Economics Research Association}
}

@article{batary2015role,
  title={The Role of Agri-Environment Schemes in Conservation and Environmental Management},
  author={Bat{\'a}ry, P. and Dicks, L.~V. and Kleijn, D. and Sutherland, W.~J.},
  journal={Conservation Biology},
  volume={29},
  number={4},
  pages={1006--1016},
  year={2015},
  langid={english},
  publisher={Wiley Online Library}
}

@article{battese1995model,
  title={A Model for Technical Inefficiency Effects in a Stochastic Frontier Production Function for Panel Data},
  author={Battese, G. E. and Coelli, T. J.},
  journal={Empirical Economics},
  volume={20},
  number={2},
  pages={325--332},
  year={1995},
  langid={english},
  publisher={Springer}
}

@article{battese_rao_odonnell_2004,
  title={A Metafrontier Production Function for Estimation of Technical Efficiencies and Technology Gaps for Firms Operating Under Different Technologies},
  author={Battese, G. E. and Rao, D.~S.~P. and O'Donnell, C.~J.},
  journal={Journal of Productivity Analysis},
  volume={21},
  pages={91--103},
  year={2004},
  langid={english},
  publisher={Springer}
}

@article{battese_rao_odonnell_2008,
  title={Metafrontier Frameworks for the Study of Firm-Level Efficiencies and Technology Ratios},
  author={Battese, G. E. and Rao, D. S. P. and O'Donnell, C. J.},
  journal={Empirical Economics},
  volume={34},
  pages={231--255},
  year={2008},
  langid={english},
  publisher={Springer}
}


@article{beketov2013pesticides,
  title={Pesticides Reduce Regional Biodiversity of Stream Invertebrates},
  author={Beketov, M.~A. and Kefford, B.~J. and Schafer, R.~B. and Liess, M.},
  journal={Proceedings of the National Academy of Sciences},
  volume={110},
  number={27},
  pages={11039--11043},
  year={2013},
  langid={english},
  publisher={National Academy of Sciences}
}

@article{beltran2014,
  title={Comparing Conventional and Organic Citrus Grower Efficiency in Spain},
  author={Beltr{\'a}n-Esteve, M. and Reig-Mart{\'\i}nez, E.},
  journal={Agricultural Systems},
  volume={129},
  pages={115--123},
  year={2014},
  langid={english},
  publisher={Elsevier}
}

@article{benaragama2013,
  title={Integrating Cultural and Mechanical Methods for Additive Weed Control in Organic Systems},
  author={Benaragama, D. and Shirtliffe, S.~J.},
  journal={Agronomy Journal},
  volume={105},
  number={6},
  pages={1728--1734},
  year={2013},
  langid={english},
  publisher={Wiley Online Library}
}

@article{benton2003farmland,
  title={Farmland Biodiversity: Is Habitat Heterogeneity the Key?},
  author={Benton, T.~G. and Vickery, J.~A. and Wilson, J.~D.},
  journal={Trends in Ecology \& Evolution},
  volume={18},
  number={4},
  pages={182--188},
  year={2003},
  langid={english},
  publisher={Elsevier}
}

@article{caves1982economic,
  title={The Economic Theory of Index Numbers and the Measurement of Input, Output, and Productivity},
  author={Caves, D.~W. and Christensen, L.~R. and Diewert, W.~E.},
  journal={Econometrica},
  volume={50},
  number={6},
  pages={1393--1414},
  year={1982},
  langid={english},
  publisher={Wiley Online Library}
}

@article{chabe2013,
  title={How Much Green for the Buck? Estimating Additional and Windfall Effects of French Agro-Environmental Schemes by DID-Matching},
  author={Chab{\'e}-Ferret, S. and Subervie, J.},
  journal={Journal of Environmental Economics and Management},
  volume={65},
  number={1},
  pages={12--27},
  year={2013},
  langid={english},
  publisher={Elsevier}
}

@techreport{Chambre2018,
    author = {{Chambre d'agriculture de Nouvelle-Aquitaine}},
    title = {Aides en faveur de l'agriculture biologique},
    institution = {Chambre d'agriculture de Nouvelle-Aquitaine},
  langid={french},
    year = {2018}
}

@manual{coelli2013frontier,
  title={frontier: Stochastic Frontier Analysis. R package version 1.1},
  author={Coelli, T. J. and Henningsen, A.},
  year={2013},
  langid={english},
  organization={R package}
}

@book{coelli_et_al_2005,
  title={An Introduction to Efficiency and Productivity Analysis},
  author={Coelli, T. J. and Rao, D. S. P. and O'Donnell, C. J. and Battese, G. E.},
  publisher={Springer Science \& Business Media},
  langid={english},
  year={2005}
}

@article{dakpo_jeanneaux_latruffe_2016,
  title={Modelling Pollution-Generating Technologies in Performance Benchmarking: Recent Developments, Limits and Future Prospects in the Nonparametric Framework},
  author={Dakpo, Koffi H. and Jeanneaux, P. and Latruffe, L.},
  journal={European Journal of Operational Research},
  volume={250},
  number={2},
  pages={347--359},
  year={2016},
  langid={english},
  publisher={Elsevier}
}

@article{dakpo_lansink_2019,
  title={Dynamic Pollution-Adjusted Inefficiency Under the By-Production of Bad Outputs},
  author={Dakpo, Koffi H. and Oude Lansink, A.},
  journal={European Journal of Operational Research},
  volume={276},
  number={1},
  pages={202--211},
  year={2019},
  langid={english},
  publisher={Elsevier}
}

@article{dakpo_latruffe_desjeux_jeanneaux_2022,
  title={Modeling Heterogeneous Technologies in the Presence of Sample Selection: The Case of Dairy Farms and the Adoption of Agri-Environmental Schemes in France},
  author={Dakpo, Koffi H. and Latruffe, L. and Desjeux, Y. and Jeanneaux, P.},
  journal={Agricultural Economics},
  volume={53},
  number={3},
  pages={422--438},
  year={2022},
  langid={english},
  publisher={Wiley}
}

@article{de_ponti_rijk_van_ittersum_2012,
  title={The Crop Yield Gap Between Organic and Conventional Agriculture},
  author={De Ponti, Timo and Rijk, Bas and van Ittersum, Martin K.},
  journal={Agricultural Systems},
  volume={108},
  pages={1--9},
  year={2012},
  langid={english},
  publisher={Elsevier}
}

@techreport{deboe_2020,
  title={Economic and Environmental Sustainability Performance of Environmental Policies in Agriculture},
  author={DeBoe, Gary},
  series={OECD Food, Agriculture and Fisheries Papers},
  volume={140},
  pages={58},
  year={2020},
  langid={english},
  institution={OECD Publishing}
}

@article{delay_thompson_mintert_2022,
  title={Precision Agriculture Technology Adoption and Technical Efficiency},
  author={DeLay, Nathan D. and Thompson, Nathan M. and Mintert, James R.},
  journal={Journal of Agricultural Economics},
  volume={73},
  number={1},
  pages={195--219},
  year={2022},
  langid={english},
  publisher={Wiley}
}

@article{Dessart_barreiro-hurlé_van_bavel_2019,
  title={Behavioural Factors Affecting the Adoption of Sustainable Farming Practices: A Policy-Oriented Review},
  author={Dessart, F.~J. and Barreiro-Hurlé, José and van Bavel, R.},
  journal={European Review of Agricultural Economics},
  volume={46},
  number={3},
  pages={417--471},
  year={2019},
  langid={english},
  publisher={Oxford University Press}
}

@article{dupraz_guyomard_2019,
  title={Environment and Climate in the Common Agricultural Policy},
  author={Dupraz, Pierre and Guyomard, Hugues},
  journal={EuroChoices},
  volume={18},
  number={1},
  pages={18--25},
  year={2019},
  langid={english},
  publisher={Wiley}
}

@techreport{european_commission_2020,
  title={Farm to Fork Strategy - For a Fair, Healthy and Environmentally-Friendly Food System},
  author={European Commission},
  year={2020},
  pages={23},
  langid={english},
  institution={European Commission}
}

@article{geiger_et_al_2010,
  title={Persistent Negative Effects of Pesticides on Biodiversity and Biological Control Potential on European Farmland},
  author={Geiger, Franz and others},
  journal={Basic and Applied Ecology},
  volume={11},
  number={2},
  pages={97--105},
  year={2010},
  langid={english},
  publisher={Elsevier}
}

@article{greene_2010,
  title={A Stochastic Frontier Model With Correction for Sample Selection},
  author={Greene, William},
  journal={Journal of Productivity Analysis},
  volume={34},
  number={1},
  pages={15--24},
  year={2010},
  langid={english},
  publisher={Springer}
}

@article{grovermann_et_al_2021,
  title={Does Organic Certification Make Economic Sense for Dairy Farmers in Europe? A Latent Class Counterfactual Analysis},
  author={Grovermann, Christian and others},
  journal={Agricultural Economics},
  volume={52},
  number={6},
  pages={1001--1012},
  year={2021},
  langid={english},
  publisher={Wiley}
}

@article{hautier_niklaus_hector_2009,
  title={Competition for Light Causes Plant Biodiversity Loss After Eutrophication},
  author={Hautier, Yann and Niklaus, Paul A. and Hector, Andrew},
  journal={Science},
  volume={324},
  number={5927},
  pages={636--638},
  year={2009},
  langid={english},
  publisher={American Association for the Advancement of Science}
}

@techreport{henning_witzke_2021,
  title={Economic and Environmental Impacts of the Green Deal on the Agricultural Economy: A Simulation Study of the Impact of the F2F-Strategy on Production, Trade, Welfare and the Environment based on the CAPRI-Model},
  author={Henning, Christian and Witzke, Harald},
  series={Trade, Welfare and the Environment Based on the CAPRI-Model},
  pages={10},
  year={2021},
  langid={english},
  institution={CAPRI}
}

@article{huang_huang_liu_2014,
  title={A New Approach to Estimating the Metafrontier Production Function Based on a Stochastic Frontier Framework},
  author={Huang, Cheng-Ju and Huang, Tien-Hsi and Liu, Nai-Hsien},
  journal={Journal of Productivity Analysis},
  volume={42},
  number={3},
  pages={241--254},
  year={2014},
  langid={english},
  publisher={Springer}
}

@article{huang_liu_1994,
  title={Estimation of a Non-Neutral Stochastic Frontier Production Function},
  author={Huang, Cheng-Ju and Liu, Jang-Ting},
  journal={Journal of Productivity Analysis},
  volume={5},
  number={2},
  pages={171--180},
  year={1994},
  langid={english},
  publisher={Springer}
}

@techreport{insee_2022,
  title={Indices des Prix dans l'Agriculture IPPAP, IPAMPA -- Base 2015},
  author={Insee},
  year={2022},
  langid={english},
  institution={Institut National de la Statistique et des Études Économiques}
}

@techreport{interbio_2021,
  title={Les zones à enjeu du bassin versant Adour-Garonne de Poitou-Charentes},
  author={{InterBio Nouvelle-Aquitaine}},
  year={2021},
  pages={33},
  langid={french},
  institution={InterBio Nouvelle-Aquitaine}
}

@techreport{ipbes_2019,
  title={Summary for Policymakers of the Global Assessment Report on Biodiversity and Ecosystem Services of the Intergovernmental Science-Policy Platform on Biodiversity and Ecosystem Services},
  author={IPBES},
  year={2019},
  address={Bonn, Germany},
  langid={english},
  institution={IPBES Secretariat}
}

@techreport{ipcc_2019,
  title={Summary for Policymakers},
  author={IPCC},
  year={2019},
  booktitle={Climate Change and Land: An IPCC Special Report on Climate Change, Desertification, Land Degradation, Sustainable Land Management, Food Security, and Greenhouse Gas Fluxes in Terrestrial Ecosystems},
  langid={english},
  institution={Intergovernmental Panel on Climate Change}
}

@article{kumbhakar_ghosh_mcguckin_1991,
  title={A Generalized Production Frontier Approach for Estimating Determinants of Inefficiency in U.S. Dairy Farms},
  author={Kumbhakar, Subal C. and Ghosh, Madhusree and McGuckin, James T.},
  journal={Journal of Business \& Economic Statistics},
  volume={9},
  number={3},
  pages={279--286},
  year={1991},
  langid={english},
  publisher={American Statistical Association}
}

@article{kumbhakar_tsionas_sipilainen_2009,
  title={Joint Estimation of Technology Choice and Technical Efficiency: An Application to Organic and Conventional Dairy Farming},
  author={Kumbhakar, Subal C. and Tsionas, Eftychios G. and Sipiläinen, T.},
  journal={Journal of Productivity Analysis},
  volume={31},
  number={3},
  pages={151--161},
  year={2009},
  langid={english},
  publisher={Springer}
}

@article{lakner_breustedt_2017,
  title={Efficiency Analysis of Organic Farming Systems -- A Review of Concepts, Topics, Results and Conclusions},
  author={Lakner, Sebastian and Breustedt, Gunnar},
  journal={German Journal of Agricultural Economics},
  volume={66},
  number={2},
  pages={85--108},
  year={2017},
  langid={english},
  publisher={Deutscher Fachverlag}
}

@article{lastra-bravo_hubbard_garrod_tolon-becerra_2015,
  title={What Drives Farmers' Participation in EU Agri-Environmental Schemes? Results from a qualitative meta-analysis},
  author={Lastra-Bravo, Xabier B. and Hubbard, Clive and Garrod, Guy and Tolón-Becerra, Antonio},
  journal={Environmental Science \& Policy},
  volume={54},
  pages={1--9},
  year={2015},
  langid={english},
  publisher={Elsevier}
}

@article{latruffe_nauges_2013,
  title={Technical Efficiency and Conversion to Organic Farming: The Case of France},
  author={Latruffe, L. and Nauges, Cécile},
  journal={European Review of Agricultural Economics},
  volume={41},
  number={2},
  pages={227--253},
  year={2013},
  langid={english},
  publisher={Oxford University Press}
}

@article{martinez_cillero_wallace_thorne_breen_2021,
  title={Analyzing the Impact of Subsidies on Beef Production Efficiency in Selected European Union Countries. A Stochastic Metafrontier Approach},
  author={Martinez Cillero, Miguel and Wallace, Michael and Thorne, Fiona and Breen, John},
  journal={American Journal of Agricultural Economics},
  volume={103},
  number={5},
  pages={1903--1923},
  year={2021},
  langid={english},
  publisher={Oxford University Press}
}

@article{mary_2013,
  title={Assessing the Impacts of Pillar 1 and 2 Subsidies on TFP in French Crop Farms},
  author={Mary, Sébastien},
  journal={Journal of Agricultural Economics},
  volume={64},
  number={1},
  pages={133--144},
  year={2013},
  langid={english},
  publisher={Wiley}
}

@article{maxwell_fuller_brooks_w_2016,
  title={Biodiversity: The Ravages of Guns, Nets and Bulldozers},
  author={Maxwell, Simon L. and Fuller, Richard A. and Brooks, Thomas M. and Watson, J. E. M.},
  journal={Nature News},
  volume={536},
  pages={143--145},
  year={2016},
  langid={english},
  publisher={Nature Publishing Group}
}

@article{mayen_balagtas_alexander_2010,
  title={Technology Adoption and Technical Efficiency: Organic and Conventional Dairy Farms in the United States},
  author={Mayen, Carlos D. and Balagtas, Joseph V. and Alexander, Craig E.},
  journal={American Journal of Agricultural Economics},
  volume={92},
  number={1},
  pages={181--195},
  year={2010},
  langid={english},
  publisher={Oxford University Press}
}

@article{meeusen_van_den_broeck_1977,
  title={Efficiency Estimation from Cobb-Douglas Production Functions with Composed Error},
  author={Meeusen, Wim and van den Broeck, Julien},
  journal={International Economic Review},
  volume={18},
  number={2},
  pages={435--444},
  year={1977},
  langid={english},
  publisher={Wiley}
}

@article{melo-becerra_orozco-gallo_2017,
  title={Technical Efficiency for Colombian Small Crop and Livestock Farmers: A Stochastic Metafrontier Approach for Different Production Systems},
  author={Melo-Becerra, Luis A. and Orozco-Gallo, Andrés J.},
  journal={Journal of Productivity Analysis},
  volume={47},
  pages={1--16},
  year={2017},
  langid={english},
  publisher={Springer}
}

@article{mennig_sauer_2020,
  title={The Impact of Agri-Environment Schemes on Farm Productivity: A DID-matching Approach},
  author={Mennig, P., and Sauer, J.},
  journal={European Review of Agricultural Economics},
  volume={47},
  number={3},
  pages={1045--1093},
  year={2020},
  langid={english},
  publisher={Oxford University Press}
}

@techreport{ministere_agriculture_2020,
  title={Les mesures agro-environnementales et climatiques (MAEC). La politique agricole commune 2015-2022},
  author={{Ministère de l'Agriculture et de la Souveraineté Alimentaire}},
  year={2020},
  langid={french},
  institution={Ministère de l'Agriculture et de la Souveraineté Alimentaire}
}

@article{minviel_latruffe_2016,
  title={Effect of Public Subsidies on Farm Technical Efficiency: A Meta-Analysis of Empirical Results},
  author={Minviel, Jérôme and Latruffe, L.},
  journal={Applied Economics},
  volume={49},
  number={2},
  pages={213--226},
  year={2016},
  langid={english},
  publisher={Taylor \& Francis}
}

@article{odonnell_2012,
  title={Nonparametric Estimates of the Components of Producti vity and Profitability Change in U.S. Agriculture},
  author={O'Donnell, C. J.},
  journal={American Journal of Agricultural Economics},
  volume={94},
  number={4},
  pages={873--890},
  year={2012},
  langid={english},
  publisher={Oxford University Press}
}

@article{orea_2002,
  title={Parametric Decomposition of a Generalized Malmquist Productivity Index},
  author={Orea, Luis},
  journal={Journal of Productivity Analysis},
  volume={18},
  number={1},
  pages={5--22},
  year={2002},
  langid={english},
  publisher={Springer}
}

@article{oude_lansink_2002,
  title={Efficiency and Productivity of Conventional and Organic Farms in Finland 1994--1997},
  author={Oude Lansink, A.},
  journal={European Review of Agricultural Economics},
  volume={29},
  number={1},
  pages={51--65},
  year={2002},
  langid={english},
  publisher={Oxford University Press}
}

@article{owusu_bravo-ureta_2022,
  title={Gender and Productivity Differentials in Smallholder Groundnut Farming in Malawi: Accounting for Technology Differences},
  author={Owusu, E. S. and Bravo-Ureta, B. E.},
  journal={The Journal of Development Studies},
  volume={58},
  number={5},
  pages={989--1013},
  year={2022},
  langid={english},
  publisher={Taylor \& Francis}
}

@article{pietola_lansink_2001,
  title={Farmer Response to Policies Promoting Organic Farming Technologies in Finland},
  author={Pietola, K. and Oude Lansink, A.},
  journal={European Review of Agricultural Economics},
  volume={28},
  number={1},
  pages={1--15},
  year={2001},
  langid={english},
  publisher={Oxford University Press}
}

@article{raven_wagner_2021,
  title={Agricultural Intensification and Climate Change are Rapidly Decreasing Insect Biodiversity},
  author={Raven, P. H. and Wagner, D. L.},
  journal={Proceedings of the National Academy of Sciences of the United States of America},
  volume={118},
  number={2},
  pages={e2002548117},
  year={2021},
  langid={english},
  publisher={National Academy of Sciences}
}

@techreport{recensement_agricole_2020,
  title={Recensement agricole 2020 -- Agricultural census 2020},
  author={{Recensement agricole}},
  year={2020},
  langid={french},
  institution={Ed SSP, environnementales et forestières}
}

@article{reganold_wachter_2016,
  title={Organic Agriculture in the Twenty-First Century},
  author={Reganold, J. P. and Wachter, J. M.},
  journal={Nature Plants},
  volume={2},
  pages={15221},
  year={2016},
  langid={english},
  publisher={Nature Publishing Group}
}

@techreport{region_nouvelle-aquitaine_2020,
  title={MAEC 2015-2019 -- Le bilan en Nouvelle- Aquitaine},
  author={{Région Nouvelle-Aquitaine}},
  year={2020},
  pages={151},
  langid={english},
  institution={Région Nouvelle-Aquitaine}
}

@article{reifschneider_stevenson_1991,
  title={Systematic Departures from the Frontier: A Framework for the Analysis of Firm Inefficiency},
  author={Reifschneider, David and Stevenson, Richard},
  journal={International Economic Review},
  volume={32},
  number={3},
  pages={715--723},
  year={1991},
  langid={english},
  publisher={Wiley}
}

@article{sanchez-bayo_wyckhuys_2019,
  title={Worldwide Decline of the Entomofauna: A Review of its Drivers},
  author={Sánchez-Bayo, Francisco and Wyckhuys, K. A. G.},
  journal={Biological Conservation},
  volume={232},
  pages={8--27},
  year={2019},
  langid={english},
  publisher={Elsevier}
}

@article{sauer_2010,
  title={Deregulation and Dairy Production Systems: A Bayesian Distance Function Approach},
  author={Sauer, J.},
  journal={Journal of Productivity Analysis},
  volume={34},
  number={3},
  pages={213--237},
  year={2010},
  langid={english},
  publisher={Springer}
}

@article{serra_goodwin_2009,
  title={The Efficiency of Spanish Arable Crop Organic Farms, a Local Maximum Likelihood Approach},
  author={Serra, T. and Goodwin, Barry K.},
  journal={Journal of Productivity Analysis},
  volume={31},
  number={2},
  pages={113--124},
  year={2009},
  langid={english},
  publisher={Springer}
}

@article{seufert_ramankutty_foley_2012,
  title={Comparing the Yields of Organic and Conventional Agriculture},
  author={Seufert, Veronika and Ramankutty, Navin and Foley, J.~A.},
  journal={Nature},
  volume={485},
  number={7397},
  pages={229--232},
  year={2012},
  langid={english},
  publisher={Nature Publishing Group}
}

@article{sipilainen_huhtala_2013,
  title={Opportunity Costs of Providing Crop Diversity in Organic and Conventional Farming: Would Targeted Environmental Policies Make Economic Sense?},
  author={Sipiläinen, T. and Huhtala, A.},
  journal={European Review of Agricultural Economics},
  volume={40},
  number={3},
  pages={441--462},
  year={2013},
  langid={english},
  publisher={Oxford University Press}
}

@inproceedings{sipilainen_oude_lansink_2005,
  title={Learning in Organic Farming. An Application on Finnish Dairy Farms},
  author={Sipiläinen, T. and Oude Lansink, A.},
  booktitle={XIth Congress of the European Association of Agricultural Economists},
  address={Copenhagen, Denmark},
  langid={english},
  year={2005}
}

@article{smith_etal_2020,
  title={Landscape Context Affects the Sustainability of Organic Farming Systems},
  author={Smith, O. M. and Cohen, A. L. and Reganold, J. P. and Jones, M. S. and Orpet, R. J. and Taylor, J. M. and Thurman, J. H. and Cornell, K. A. and Olsson, R. L. and Ge, Y. and Kennedy, C. M. and Crowder, D. W.},
  journal={Proceedings of the National Academy of Sciences},
  volume={117},
  number={6},
  pages={2870--2878},
  year={2020},
  langid={english},
  publisher={National Academy of Sciences}
}

@article{tiedemann_latacz-lohmann_2013,
  title={Production Risk and Technical Efficiency in Organic and Conventional Agriculture. The Case of Arable Farms in Germany},
  author={Tiedemann, T. and Latacz-Lohmann, U.},
  journal={Journal of Agricultural Economics},
  volume={64},
  number={1},
  pages={73--96},
  year={2013},
  langid={english},
  publisher={Wiley}
}

@article{tilman_etal_2017,
  title={Future Threats to Biodiversity and Pathways to their Prevention},
  author={Tilman, D. and Clark, M. and Williams, D. R. and Kimmel, K. and Polasky, S. and Packer, C.},
  journal={Nature News},
  volume={546},
  pages={73--81},
  year={2017},
  langid={english},
  publisher={Nature Publishing Group}
}

@article{turner_etal_2007,
  title={Organic Weed Management: A Review of the Current UK Farmer Perspective},
  author={Turner, R. J. and Davies, G. and Moore, H. and Grundy, A. C. and Mead, A.},
  journal={Crop Protection},
  volume={26},
  number={3},
  pages={377--382},
  year={2007},
  langid={english},
  publisher={Elsevier}
}

@article{tzouvelekas_pantzios_fotopoulos_2001,
  title={Technical Efficiency of Alternative Farming Systems: The Case of Greek Organic and Conventional Olive-Growing Farms},
  author={Tzouvelekas, V. and Pantzios, C. J. and Fotopoulos, C.},
  journal={Food Policy},
  volume={26},
  pages={549--569},
  year={2001},
  langid={english},
  publisher={Elsevier}
}

@article{tzouvelekas_pantzios_fotopoulos_2002,
  title={Empirical Evidence of Technical Efficiency Levels in Greek Organic and Conventional Farms},
  author={Tzouvelekas, V. and Pantzios, C. J. and Fotopoulos, C.},
  journal={Agricultural Economics Review},
  volume={3},
  number={2},
  pages={49--60},
  langid={english},
  year={2002}
}

@article{uthes_matzdorf_2013,
  title={Studies on Agri-Environmental Measures: A Survey of the Literature},
  author={Uthes, S. and Matzdorf, B.},
  journal={Environmental Management},
  volume={51},
  number={1},
  pages={251--266},
  year={2013},
  langid={english},
  publisher={Springer}
}

@article{wesseler_2022,
  title={The EU's Farm-to-Fork Strategy: An Assessment From the Perspective of Agricultural Economics},
  author={Wesseler, J.},
  journal={Applied Economic Perspectives and Policy},
  volume={44},
  number={4},
  pages={1826--1843},
  year={2022},
  langid={english},
  publisher={Oxford University Press}
}

@article{zimmermann_britz_2016,
  title={European Farms' Participation in Agri-Environmental Measures},
  author={Zimmermann, A. and Britz, W.},
  journal={Land Use Policy},
  volume={50},
  pages={214--228},
  year={2016},
  langid={english},
  publisher={Elsevier}
}