% Created 2024-09-13 19:24:35 by https://text2bib.org. Algorithm version 2024-09-13 18:48:15.

% Abbink K., Brandts J., Herrmann B. et Orzen H. [2010], Inter-Group Conflict and Intra-Group Punishment in an Experimental Contest Game, The American Economic Review, 100 (1), p. 420-447. 
@article{AbbinkBrandtsHerrmannOrzen2010,
  author = {Abbink, K. and Brandts, J. and Herrmann, B. and Orzen, H.},
  year = {2010},
  title = {Inter-Group Conflict and Intra-Group Punishment in an Experimental Contest Game},
  journal = {The American Economic Review},
  volume = {100},
  number = {1},
  pages = {420-447},
}

Andreoni J. [1988], Why Free Ride? Strategies and Learning in Public Goods Experiments, Journal of Public Economics, 37 (3), p. 291-304. 
@article{Andreoni1988,
  author = {Andreoni, J.},
  year = {1988},
  title = {Why Free Ride? Strategies and Learning in Public Goods Experiments},
  journal = {Journal of Public Economics},
  volume = {37},
  number = {3},
  pages = {291-304},
}

% Andreoni J. [1995], Cooperation in Public-Goods Experiments: Kindness or confusion?, The American Economic Review, 85 (4), p. 891-904. 
@article{Andreoni1995,
  author = {Andreoni, J.},
  year = {1995},
  title = {Cooperation in Public-Goods Experiments: Kindness or confusion?},
  journal = {The American Economic Review},
  volume = {85},
  number = {4},
  pages = {891-904},
}

% Arya A., Fellingham J. et Glover J. [1997], Teams, Repeated Tasks, and Implicit Incentives, Journal of Accounting and Economics, 23 (1), p. 7-30. 
@article{AryaFellinghamGlover1997,
  author = {Arya, A. and Fellingham, J. and Glover, J.},
  year = {1997},
  title = {Teams, Repeated Tasks, and Implicit Incentives},
  journal = {Journal of Accounting and Economics},
  volume = {23},
  number = {1},
  pages = {7-30},
}

% Barron J. M. et Paulson Gjerde K. [1997], Peer Pressure in an Agency Relationship, Journal of Labor Economics, 15 (1), p. 234-254. 
@article{BarronPaulsonGjerde1997,
  author = {Barron, J. M. and Paulson Gjerde, K.},
  year = {1997},
  title = {Peer Pressure in an Agency Relationship},
  journal = {Journal of Labor Economics},
  volume = {15},
  number = {1},
  pages = {234-254},
}

% Bauman Y. et Rose E. [2009], Why Are Economics Students More Selfish than the Rest?, IZA Discussion Paper, 4625. 
@article{BaumanRose2009,
  author = {Bauman, Y. and Rose, E.},
  year = {2009},
  title = {Why Are Economics Students More Selfish than the Rest?},
  journal = {IZA Discussion Paper},
  volume = {4625},
}

% Ben-Shakhar G., Bornstein G., Hopfensitz A. et Van Winden F. [2007], Reciprocity and Emotions in Bargaining Using Physiological and Self-Report Measures, Journal of Economic Psychology, 28 (3), p. 314-323. 
@article{BenShakharBornsteinHopfensitzVanWinden2007,
  author = {Ben-Shakhar, G. and Bornstein, G. and Hopfensitz, A. and Van Winden, F.},
  year = {2007},
  title = {Reciprocity and Emotions in Bargaining Using Physiological and Self-Report Measures},
  journal = {Journal of Economic Psychology},
  volume = {28},
  number = {3},
  pages = {314-323},
}

% Berkowitz L. et Donnerstein E. [1982], External Validity Is More than Skin Deep: Some Answers to Criticisms of Laboratory Experiments, American Psychologist, 37 (3), p. 245-257. 
@article{BerkowitzDonnerstein1982,
  author = {Berkowitz, L. and Donnerstein, E.},
  year = {1982},
  title = {External Validity Is More than Skin Deep: Some Answers to Criticisms of Laboratory Experiments},
  journal = {American Psychologist},
  volume = {37},
  number = {3},
  pages = {245-257},
}

% Bochet O., Page T. et Putterman L. [2006], Communication and Punishment in Voluntary Contribution Experiments, Journal of Economic Behavior \& Organization, 60 (1), p. 11-26. 
@article{BochetPagePutterman2006,
  author = {Bochet, O. and Page, T. and Putterman, L.},
  year = {2006},
  title = {Communication and Punishment in Voluntary Contribution Experiments},
  journal = {Journal of Economic Behavior \& Organization},
  volume = {60},
  number = {1},
  pages = {11-26},
}

% Bosman R. et Van Winden F. [2002], Emotional Hazard in a Power-to-Take Experiment, The Economic Journal, 112 (476), p. 147-169. 
@article{BosmanVanWinden2002,
  author = {Bosman, R. and Van Winden, F.},
  year = {2002},
  title = {Emotional Hazard in a Power-to-Take Experiment},
  journal = {The Economic Journal},
  volume = {112},
  number = {476},
  pages = {147-169},
}

% Bowen D. E. et Lawler III E. E. [2006], The Empowerment of Service Workers: What, Why, How, and When, Managing Innovation and Change, 33 (3), p. 155-169. 
@article{BowenLawlerIII2006,
  author = {Bowen, D. E. and Lawler III, E. E.},
  year = {2006},
  title = {The Empowerment of Service Workers: What, Why, How, and When},
  journal = {Managing Innovation and Change},
  volume = {33},
  number = {3},
  pages = {155-169},
}

% Brekke K., Kverndokk S. et Nyborg K. [2003], An Economic Model of Moral Motivation, Journal of Public Economics, 87, p. 1967-1983. 
@article{BrekkeKverndokkNyborg2003,
  author = {Brekke, K. and Kverndokk, S. and Nyborg, K.},
  year = {2003},
  title = {An Economic Model of Moral Motivation},
  journal = {Journal of Public Economics},
  volume = {87},
  pages = {1967-1983},
}

% Camerer C. F. [2015], The Promise and Success of Lab-Field Generalizability in Experimental Economics: A Critical Reply to Levitt and List, dans G. Fr chette et A. Schotter (dir.), Handbook of Experimental Economic Methodology, Oxford, Oxford University Press. 
@incollection{Camerer2015,
  author = {Camerer, C. F.},
  year = {2015},
  title = {The Promise and Success of Lab-Field Generalizability in Experimental Economics: A Critical Reply to Levitt and List},
  editor = {G. Fr√©chette and A. Schotter},
  address = {Oxford},
  publisher = {Oxford University Press},
  booktitle = {Handbook of Experimental Economic Methodology},
}

% Carpenter J. P., Bowles S., Gintis H. et Hwang S. H. [2009], Strong Reciprocity and Team Production: Theory and Evidence, Journal of Economic Behavior \& Organization, 71 (2), p. 221-232. 
@article{CarpenterBowlesGintisHwang2009,
  author = {Carpenter, J. P. and Bowles, S. and Gintis, H. and Hwang, S. H.},
  year = {2009},
  title = {Strong Reciprocity and Team Production: Theory and Evidence},
  journal = {Journal of Economic Behavior \& Organization},
  volume = {71},
  number = {2},
  pages = {221-232},
}

% Carpenter J. P. et Huet-Vaughn E. [2019], Real-Effort Tasks, dans A. Schram et A. Ule (dir.), Handbook of Research Methods and Applications in Experimental Economics, Northampton, Edward Elgar Publishing, chap. 19, p. 368-383. 
@incollection{CarpenterHuetVaughn2019,
  author = {Carpenter, J. P. and Huet-Vaughn, E.},
  year = {2019},
  title = {Real-Effort Tasks},
  pages = {368-383},
  editor = {A. Schram and A. Ule},
  address = {Northampton},
  publisher = {Edward Elgar},
  booktitle = {Handbook of Research Methods and Applications in Experimental Economics},
}

% Carpenter J. P. et Matthews P. H. [2012], Norm Enforcement: Anger, Indignation, or Reciprocity?, Journal of the European Economic Association, 10 (3), p. 555-572. 
@article{CarpenterMatthews2012,
  author = {Carpenter, J. P. and Matthews, P. H.},
  year = {2012},
  title = {Norm Enforcement: Anger, Indignation, or Reciprocity?},
  journal = {Journal of the European Economic Association},
  volume = {10},
  number = {3},
  pages = {555-572},
}

% Carpenter J. P., Matthews P. H. et Ong'ong'a O. [2004], Why Punish? Social Reciprocity and the Enforcement of Prosocial Norms, Journal of Evolutionary Economics, 14 (4), p. 407-429. 
@article{CarpenterMatthewsOngOnga2004,
  author = {Carpenter, J. P. and Matthews, P. H. and Ong'ong'a, O.},
  year = {2004},
  title = {Why Punish? Social Reciprocity and the Enforcement of Prosocial Norms},
  journal = {Journal of Evolutionary Economics},
  volume = {14},
  number = {4},
  pages = {407-429},
}

% Carter J. R. et Irons M. D. [1991], Are Economists Different, and If So, Why?, Journal of Economic Perspectives, 5 (2), p. 171-177. 
@article{CarterIrons1991,
  author = {Carter, J. R. and Irons, M. D.},
  year = {1991},
  title = {Are Economists Different, and If So, Why?},
  journal = {Journal of Economic Perspectives},
  volume = {5},
  number = {2},
  pages = {171-177},
}

% Charness G., Masclet D. et Villeval M. C. [2014], The Dark Side of Competition for Status, Management Science, 60 (1), p. 38-55. 
@article{CharnessMascletVilleval2014,
  author = {Charness, G. and Masclet, D. and Villeval, M. C.},
  year = {2014},
  title = {The Dark Side of Competition for Status},
  journal = {Management Science},
  volume = {60},
  number = {1},
  pages = {38-55},
}

% Charness G. et Sutter M. [2012], Groups Make Better Self-Interested Decisions, Journal of Economic Perspectives, 26 (3), p. 157-176. 
@article{CharnessSutter2012,
  author = {Charness, G. and Sutter, M.},
  year = {2012},
  title = {Groups Make Better Self-Interested Decisions},
  journal = {Journal of Economic Perspectives},
  volume = {26},
  number = {3},
  pages = {157-176},
}

% Cinyabuguma M., Page T. et Putterman L. [2004], On Perverse and Second-Order Punishment in Public Goods Experiments with Decentralized Sanctioning, Brown University Economics Working Paper, 2004-12. 
@article{CinyabugumaPagePutterman2004,
  author = {Cinyabuguma, M. and Page, T. and Putterman, L.},
  year = {2004},
  title = {On Perverse and Second-Order Punishment in Public Goods Experiments with Decentralized Sanctioning},
  journal = {Brown University Economics Working Paper},
  volume = {2004-12},
}

% Cinyabuguma M., Page T. et Putterman L. [2006], Can Second Order Punishment Deter Perverse Punishment?, Experimental Economics, 9 (3), p. 265-279. 
@article{CinyabugumaPagePutterman2006,
  author = {Cinyabuguma, M. and Page, T. and Putterman, L.},
  year = {2006},
  title = {Can Second Order Punishment Deter Perverse Punishment?},
  journal = {Experimental Economics},
  volume = {9},
  number = {3},
  pages = {265-279},
}

% Clark A. E., Masclet D. et Villeval M. C. [2010], Effort and Comparison Income: Experimental and Survey Evidence, Industrial and Labor Relations Review, 63 (3), p. 407-426. 
@article{ClarkMascletVilleval2010,
  author = {Clark, A. E. and Masclet, D. and Villeval, M. C.},
  year = {2010},
  title = {Effort and Comparison Income: Experimental and Survey Evidence},
  journal = {Industrial and Labor Relations Review},
  volume = {63},
  number = {3},
  pages = {407-426},
}

% Cohen S. G. et Bailey D. E. [1997], What Makes Teams Work: Group Effectiveness Research from the Shop Floor to The Executive Suite, Journal of Management, 23 (3), p. 239-290. 
@article{CohenBailey1997,
  author = {Cohen, S. G. and Bailey, D. E.},
  year = {1997},
  title = {What Makes Teams Work: Group Effectiveness Research from the Shop Floor to The Executive Suite},
  journal = {Journal of Management},
  volume = {23},
  number = {3},
  pages = {239-290},
}

% Coleman J. S. [1990], Foundations of Social Theory, Cambridge (Mass.), Belknap. 
@book{Coleman1990,
  author = {Coleman, J. S.},
  year = {1990},
  title = {Foundations of Social Theory},
  publisher = {Belknap},
  address = {Cambridge (Mass.)},
}

% Colquitt J. A. [2008], From the Editors Publishing Laboratory Research in AMJ: A Question of When, Not If, Academy of Management Journal, 51 (4), p. 616-620. 
@article{Colquitt2008,
  author = {Colquitt, J. A.},
  year = {2008},
  title = {From the Editors Publishing Laboratory Research in AMJ: A Question of When, Not If},
  journal = {Academy of Management Journal},
  volume = {51},
  number = {4},
  pages = {616-620},
}

% Cooper D. J. et Kagel J. H. [2005], Are Two Heads Better than One? Team versus Individual Play in Signaling Games, The American Economic Review, 95 (3), p. 477-509. 
@article{CooperKagel2005,
  author = {Cooper, D. J. and Kagel, J. H.},
  year = {2005},
  title = {Are Two Heads Better than One? Team versus Individual Play in Signaling Games},
  journal = {The American Economic Review},
  volume = {95},
  number = {3},
  pages = {477-509},
}

% Croson R. T. [1996], Partners and Strangers Revisited, Economics Letters, 53, p. 25-32. 
@article{Croson1996,
  author = {Croson, R. T.},
  year = {1996},
  title = {Partners and Strangers Revisited},
  journal = {Economics Letters},
  volume = {53},
  pages = {25-32},
}

% Croson R. T. [2007], Theories of Commitment, Altruism and Reciprocity: Evidence from Linear Public Goods Games, Economic Inquiry, 45 (2), p. 199-216. 
@article{Croson2007,
  author = {Croson, R. T.},
  year = {2007},
  title = {Theories of Commitment, Altruism and Reciprocity: Evidence from Linear Public Goods Games},
  journal = {Economic Inquiry},
  volume = {45},
  number = {2},
  pages = {199-216},
}

% Delarue A., Van Hootegem G., Procter S. et Burridge M. [2008], Teamworking and Organizational Performance: A Review of Survey-Based Research, International Journal of Management Reviews, 10 (2), p. 127-148. 
@article{DelarueVanHootegemProcterBurridge2008,
  author = {Delarue, A. and Van Hootegem, G. and Procter, S. and Burridge, M.},
  year = {2008},
  title = {Teamworking and Organizational Performance: A Review of Survey-Based Research},
  journal = {International Journal of Management Reviews},
  volume = {10},
  number = {2},
  pages = {127-148},
}

% Delbridge R., Turnbull P. et Wilkinson B. [1992], Pushing Back the Frontiers: Management Control and Work Intensification under JIT/TQM Factory Regimes, New Technology, Work and Employment, 7 (2), p. 97-106. 
@article{DelbridgeTurnbullWilkinson1992,
  author = {Delbridge, R. and Turnbull, P. and Wilkinson, B.},
  year = {1992},
  title = {Pushing Back the Frontiers: Management Control and Work Intensification under JIT/TQM Factory Regimes, New Technology},
  journal = {Work and Employment},
  volume = {7},
  number = {2},
  pages = {97-106},
}

% Denant-Boemont L., Masclet D. et Noussair C. N. [2007], Punishment, Counterpunishment and Sanction Enforcement in a Social Dilemma Experiment, Economic Theory, 33, p. 145-167. 
@article{DenantBoemontMascletNoussair2007,
  author = {Denant-Boemont, L. and Masclet, D. and Noussair, C. N.},
  year = {2007},
  title = {Punishment, Coun\-terpunishment and Sanction Enforcement in a Social Dilemma Experiment},
  journal = {Economic Theory},
  volume = {33},
  pages = {145-167},
}

% Dickinson D. L. et Masclet D. [2015], Emotion Venting and Punishment in Public Good Experiments, Journal of Public Economics, 122, p. 55-67. 
@article{DickinsonMasclet2015,
  author = {Dickinson, D. L. and Masclet, D.},
  year = {2015},
  title = {Emotion Venting and Punishment in Public Good Experiments},
  journal = {Journal of Public Economics},
  volume = {122},
  pages = {55-67},
}

% Dragon R., Garvey G. T. et Turnbull G. K. [1996], A Collective Tournament, Economics Letters, 50 (2), p. 223-227. 
@article{DragonGarveyTurnbull1996,
  author = {Dragon, R. and Garvey, G. T. and Turnbull, G. K.},
  year = {1996},
  title = {A Collective Tournament},
  journal = {Economics Letters},
  volume = {50},
  number = {2},
  pages = {223-227},
}

% Dugar S. [2013], Non-Monetary Incentives and Opportunistic Behavior: Evidence from a Laboratory Public Good Game, Economic Inquiry, 51 (2), p. 1374-1388. 
@article{Dugar2013,
  author = {Dugar, S.},
  year = {2013},
  title = {Non-Monetary Incentives and Opportunistic Behavior: Evidence from a Laboratory Public Good Game},
  journal = {Economic Inquiry},
  volume = {51},
  number = {2},
  pages = {1374-1388},
}

% Falk A. et Ichino A. [2006], Clean Evidence of Peer Effects, Journal of Labor Economics, 24 (1), p. 39-57. 
@article{FalkIchino2006,
  author = {Falk, A. and Ichino, A.},
  year = {2006},
  title = {Clean Evidence of Peer Effects},
  journal = {Journal of Labor Economics},
  volume = {24},
  number = {1},
  pages = {39-57},
}

% Fehr E. et G√§chter S. [2000], Cooperation and Punishment in Public Goods Experiments, The American Economic Review, 90 (4), p. 980-994. 
@article{FehrG√§chter2000,
  author = {Fehr, E. and G√§chter, S.},
  year = {2000},
  title = {Cooperation and Punishment in Public Goods Experiments},
  journal = {The American Economic Review},
  volume = {90},
  number = {4},
  pages = {980-994},
}

% Fehr E. et Schmidt K. M. [1999], A Theory of Fairness, Competition, and Cooperation, The Quarterly Journal of Economics, 114 (3), p. 817-868. 
@article{FehrSchmidt1999,
  author = {Fehr, E. and Schmidt, K. M.},
  year = {1999},
  title = {A Theory of Fairness, Competition, and Cooperation},
  journal = {The Quarterly Journal of Economics},
  volume = {114},
  number = {3},
  pages = {817-868},
}

% Figui√®res C., Masclet D. et Willinger M. [2013], Weak Moral Motivation Leads to the Decline of Voluntary Contributions, Journal of Public Economic Theory, 15 (5), p. 745-772. 
@article{Figui√®resMascletWillinger2013,
  author = {Figui√®res, C. and Masclet, D. and Willinger, M.},
  year = {2013},
  title = {Weak Moral Motivation Leads to the Decline of Voluntary Contributions},
  journal = {Journal of Public Economic Theory},
  volume = {15},
  number = {5},
  pages = {745-772},
}

% Fischbacher U. [2007], Z-Tree: Zurich Toolbox for Ready-Made Economic Experiments, Experimental Economics, 10 (2), p. 171-178. 
@article{Fischbacher2007,
  author = {Fischbacher, U.},
  year = {2007},
  title = {Z-Tree: Zurich Toolbox for Ready-Made Economic Experiments},
  journal = {Experimental Economics},
  volume = {10},
  number = {2},
  pages = {171-178},
}

% Fischbacher U. et G√§chter S. [2010], Social Preferences, Beliefs, and the Dynamics of Free Riding in Public Good Experiments, The American Economic Review, 100 (1), p. 541-556. 
@article{FischbacherG√§chter2010,
  author = {Fischbacher, U. and G√§chter, S.},
  year = {2010},
  title = {Social Preferences, Beliefs, and the Dynamics of Free Riding in Public Good Experiments},
  journal = {The American Economic Review},
  volume = {100},
  number = {1},
  pages = {541-556},
}

% Fischbacher U., G√§chter S. et Fehr E. [2001], Are People Conditionally Cooperative? Evidence from a Public Goods Experiment, Economics Letters, 71 (3), p. 397-404. 
@article{FischbacherG√§chterFehr2001,
  author = {Fischbacher, U. and G√§chter, S. and Fehr, E.},
  year = {2001},
  title = {Are People Conditionally Cooperative? Evidence from a Public Goods Experiment},
  journal = {Economics Letters},
  volume = {71},
  number = {3},
  pages = {397-404},
}

% Frank R. H., Gilovich T. et Regan D. T. [1993], Does Studying Economics Inhibit Cooperation?, Journal of Economic Perspectives, 7 (2), p. 159-171. 
@article{FrankGilovichRegan1993,
  author = {Frank, R. H. and Gilovich, T. and Regan, D. T.},
  year = {1993},
  title = {Does Studying Economics Inhibit Cooperation?},
  journal = {Journal of Economic Perspectives},
  volume = {7},
  number = {2},
  pages = {159-171},
}

% Fu T. et Putterman L. [2018], When Is Punishment Harmful to Cooperation? A Note on Antisocial and Perverse Punishment, Journal of the Economic Science Association, 4 (2), p. 151-164. 
@article{FuPutterman2018,
  author = {Fu, T. and Putterman, L.},
  year = {2018},
  title = {When Is Punishment Harmful to Cooperation? A Note on Antisocial and Perverse Punishment},
  journal = {Journal of the Economic Science Association},
  volume = {4},
  number = {2},
  pages = {151-164},
}

% G√§chter S. et Herrmann B. [2009], Reciprocity, Culture and Human Cooperation: Previous Insights and a New Cross-Cultural Experiment, Philosophical Transactions of the Royal Society B: Biological Sciences, 364 (1518), p. 791-806. 
@article{G√§chterHerrmann2009,
  author = {G√§chter, S. and Herrmann, B.},
  year = {2009},
  title = {Reciprocity, Culture and Human Cooperation: Previous Insights and a New Cross-Cultural Experiment},
  journal = {Philosophical Transactions of the Royal Society B: Biological Sciences},
  volume = {364},
  number = {1518},
  pages = {791-806},
}

% G√§chter S., Renner E. et Sefton M. [2008], The Long-Run Benefits of Punishment, Science, 322 (5809), p. 1510. 
@article{G√§chterRennerSefton2008,
  author = {G√§chter, S. and Renner, E. and Sefton, M.},
  year = {2008},
  title = {The Long-Run Benefits of Punishment},
  journal = {Science},
  volume = {322},
  number = {5809},
  pages = {1510},
}

% Grosse S., Putterman L. et Rockenbach B. [2011], Monitoring in Teams: Using Laboratory Experiments to Study a Theory of the Firm, Journal of the European Economic Association, 9 (4), p. 785-816. 
@article{GrossePuttermanRockenbach2011,
  author = {Grosse, S. and Putterman, L. and Rockenbach, B.},
  year = {2011},
  title = {Monitoring in Teams: Using Laboratory Experiments to Study a Theory of the Firm},
  journal = {Journal of the European Economic Association},
  volume = {9},
  number = {4},
  pages = {785-816},
}

% Guzzo R. A. et Dickson M. W. [1996], Teams in Organizations: Recent Research on Performance and Effectiveness, Annual Review of Psychology, 47 (1), p. 307-338. 
@article{GuzzoDickson1996,
  author = {Guzzo, R. A. and Dickson, M. W.},
  year = {1996},
  title = {Teams in Organizations: Recent Research on Performance and Effectiveness},
  journal = {Annual Review of Psychology},
  volume = {47},
  number = {1},
  pages = {307-338},
}

% Harrison G. W. et List J. A. [2004], Field Experiments, Journal of Economic literature, 42 (4), p. 1009-1055. 
@article{HarrisonList2004,
  author = {Harrison, G. W. and List, J. A.},
  year = {2004},
  title = {Field Experiments},
  journal = {Journal of Economic literature},
  volume = {42},
  number = {4},
  pages = {1009-1055},
}

% Henrich J. et al. [2006], Costly Punishment across Human Societies, Science, 312 (5781), p. 1767-1770.  
@article{Henrich2006,
  author = {Henrich, J. and others},
  year = {2006},
  title = {Costly Punishment across Human Societies},
  journal = {Science},
  volume = {312},
  number = {5781},
  pages = {1767-1770},
}

% Herrmann B., Thoni C. et G√§chter S. [2008], Antisocial Punishment across Societies, Science, 319 (5868), p. 1362-1367. 
@article{HerrmannThoniG√§chter2008,
  author = {Herrmann, B. and Th√∂ni, C. and G√§chter, S.},
  year = {2008},
  title = {Antisocial Punishment across Societies},
  journal = {Science},
  volume = {319},
  number = {5868},
  pages = {1362-1367},
}

% Holmstrom B. R. [1982], Moral Hazard in Teams, Bell Journal of Economics, 13 (2), p. 324-340. 
@article{Holmstrom1982,
  author = {Holmstrom, B. R.},
  year = {1982},
  title = {Moral Hazard in Teams},
  journal = {Bell Journal of Economics},
  volume = {13},
  number = {2},
  pages = {324-340},
}

% Itoh H. [1993], Coalitions, Incentives, and Risk Sharing, Journal of Economic Theory, 60 (2), p. 410-427. 
@article{Itoh1993,
  author = {Itoh, H.},
  year = {1993},
  title = {Coalitions, Incentives, and Risk Sharing},
  journal = {Journal of Economic Theory},
  volume = {60},
  number = {2},
  pages = {410-427},
}

% Joffily M., Masclet D., Noussair C. N. et Villeval M. C. [2014], Emotions, Sanctions, and Cooperation, Southern Economic Journal, 80 (4), p. 1002-1027. 
@article{JoffilyMascletNoussairVilleval2014,
  author = {Joffily, M. and Masclet, D. and Noussair, C. N. and Villeval, M. C.},
  year = {2014},
  title = {Emotions, Sanctions, and Cooperation},
  journal = {Southern Economic Journal},
  volume = {80},
  number = {4},
  pages = {1002-1027},
}

% Kandel E. et Lazear E. P. [1992], Peer Pressure and Partnerships, Journal of Political Economy, 100 (4), p. 801-817. 
@article{KandelLazear1992,
  author = {Kandel, E. and Lazear, E. P.},
  year = {1992},
  title = {Peer Pressure and Partnerships},
  journal = {Journal of Political Economy},
  volume = {100},
  number = {4},
  pages = {801-817},
}

% Keser C. C. et Van Winder F. [2000], Conditional Cooperation and Voluntary Contributions to Public Goods, Scandinavian Journal of Economics, 102, p. 23-39. 
@article{KeserVanWinder2000,
  author = {Keser, C. C. and Van Winder, F.},
  year = {2000},
  title = {Conditional Cooperation and Voluntary Contributions to Public Goods},
  journal = {Scandinavian Journal of Economics},
  volume = {102},
  pages = {23-39},
}

% Kessler J. et Vesterlund L. [2015], The External Validity of Laboratory Experiments: The Misleading Emphasis on Quantitative Effects, dans G. R. Fr√©chette et A. Schotter (dir.), Handbook of Experimental Economic Methodology, Oxford, Oxford University Press, p. 392-405. 
@incollection{KesslerVesterlund2015,
  author = {Kessler, J. and Vesterlund, L.},
  year = {2015},
  title = {The External Validity of Laboratory Experiments: The Misleading Emphasis on Quantitative Effects},
  pages = {392-405},
  editor = {G. R. Fr√©chette and A. Schotter},
  address = {Oxford},
  publisher = {Oxford University Press},
  booktitle = {Handbook of Experimental Economic Methodology},
}

% Kocher M., Strau S. et Sutter M. [2006], Individual or Team Decision-Making: Causes and Consequences of Self-Selection, Games and Economic Behavior, 56 (2), p. 259-270. 
@article{KocherStrauSutter2006,
  author = {Kocher, M. G. and Strau, S. and Sutter, M.},
  year = {2006},
  title = {Individual or Team Decision-Making: Causes and Consequences of Self-Selection},
  journal = {Games and Economic Behavior},
  volume = {56},
  number = {2},
  pages = {259-270},
}

% Kocher M. G. et Sutter M. [2005], The Decision Maker Matters: Individual versus Group Behaviour in Experimental Beauty-Contest Games, The Economic Journal, 115 (500), p. 200-223. 
@article{KocherSutter2005,
  author = {Kocher, M. G. and Sutter, M.},
  year = {2005},
  title = {The Decision Maker Matters: Individual versus Group Behaviour in Experimental Beauty-Contest Games},
  journal = {The Economic Journal},
  volume = {115},
  number = {500},
  pages = {200-223},
}

% Krieg J. et Samek A. [2017], When Charities Compete: A Laboratory Experiment with Simultaneous Public Goods, Journal of Behavioral and Experimental Economics, 66, p. 40-57. 
@article{KriegSamek2017,
  author = {Krieg, J. and Samek, A.},
  year = {2017},
  title = {When Charities Compete: A Laboratory Experiment with Simultaneous Public Goods},
  journal = {Journal of Behavioral and Experimental Economics},
  volume = {66},
  pages = {40-57},
}

% Kreps D., Milgrom P., Roberts J. et Wilson R. [1982], Rational Cooperation in the Finitely Repeated Prisoners Dilemma, Journal of Economic Theory, 27, p. 245-252. 
@article{KrepsMilgromRobertsWilson1982,
  author = {Kreps, D. and Milgrom, P. and Roberts, J. and Wilson, R.},
  year = {1982},
  title = {Rational Cooperation in the Finitely Repeated Prisoners Dilemma},
  journal = {Journal of Economic Theory},
  volume = {27},
  pages = {245-252},
}

% Lazear E. P. et Shaw K. L. [2007], Personnel Economics: The Economist's View of Human Resources, Journal of Economic Perspectives, 21 (4), p. 91-114. 
@article{LazearShaw2007,
  author = {Lazear, E. P. and Shaw, K. L.},
  year = {2007},
  title = {Personnel Economics: The Economist's View of Human Resources},
  journal = {Journal of Economic Perspectives},
  volume = {21},
  number = {4},
  pages = {91-114},
}

% Lazega E. [2000], Rule Enforcement among Peers: A Lateral Control Regime, Organization Studies, 21 (1), p. 193-214. 
@article{Lazega2000,
  author = {Lazega, E.},
  year = {2000},
  title = {Rule Enforcement among Peers: A Lateral Control Regime},
  journal = {Organization Studies},
  volume = {21},
  number = {1},
  pages = {193-214},
}

% Ledyard J. [1995], Public Goods: A Survey of Experimental Research, dans J. Kagel et A. Roth (dir.), Handbook of Experimental Economics, Princeton, Princeton University Press, p. 111-194. 
@incollection{Ledyard1995,
  author = {Ledyard, J.},
  year = {1995},
  title = {Public Goods: A Survey of Experimental Research},
  pages = {111-194},
  editor = {J. Kagel and A. Roth},
  address = {Princeton},
  publisher = {Princeton University Press},
  booktitle = {Handbook of Experimental Economics},
}

% Levitt S. D. et List J. A. [2007a], On the Generalizability of Lab Behaviour to the Field, Canadian Journal of Economics/Revue canadienne d'√©conomie, 40 (2), p. 347-370. 
@article{LevittList2007,
  author = {Levitt, S. D. and List, J. A.},
  year = {2007},
  title = {On the Generalizability of Lab Behaviour to the Field},
  journal = {Canadian Journal of Economics/Revue canadienne d'√©conomie},
  volume = {40},
  number = {2},
  pages = {347-370},
}

% Levitt S. D. et List J. A. [2007b], What Do Laboratory Experiments Measuring Social Preferences Reveal about the Real World?, Journal of Economic Perspectives, 21 (2), p. 153-174. 
@article{LevittList2007-1,
  author = {Levitt, S. D. and List, J. A.},
  year = {2007},
  title = {What Do Laboratory Experiments Measuring Social Preferences Reveal about the Real World?},
  journal = {Journal of Economic Perspectives},
  volume = {21},
  number = {2},
  pages = {153-174},
}

% Marwell G. et Ames R. E. [1981], Economists Free Ride, Does Anyone Else? Experiments on the Provision of Public Goods, IV, Journal of Public Economics, 15 (3), p. 295-310. 
@article{MarwellAmes1981,
  author = {Marwell, G. and Ames, R. E.},
  year = {1981},
  title = {Economists Free Ride, Does Anyone Else? Experiments on the Provision of Public Goods, IV},
  journal = {Journal of Public Economics},
  volume = {15},
  number = {3},
  pages = {295-310},
}

% Mas A. et Moretti E. [2009], Peers at Work, The American Economic Review, 99 (1), p. 112-145. 
@article{MasMoretti2009,
  author = {Mas, A. and Moretti, E.},
  year = {2009},
  title = {Peers at Work},
  journal = {The American Economic Review},
  volume = {99},
  number = {1},
  pages = {112-145},
}

% Masclet D. et Dickinson D. L. [2019], Incorporating Conditional Morality into Economic Decisions, IZA Discussion Paper, 12782 
@article{MascletDickinson2019,
  author = {Masclet, D. and Dickinson, D. L.},
  year = {2019},
  title = {Incorporating Conditional Morality into Economic Decisions},
  journal = {IZA Discussion Paper},
  volume = {12782},
}

% Masclet D., Noussair C. N., Tucker S. et Villeval M. C. [2003], Monetary and Nonmonetary Punishment in the Voluntary Contributions Mechanism, The American Economic Review, 93 (1), p. 366-381. 
@article{MascletNoussairTuckerVilleval2003,
  author = {Masclet, D. and Noussair, C. N. and Tucker, S. and Villeval, M. C.},
  year = {2003},
  title = {Monetary and Nonmonetary Punishment in the Voluntary Contributions Mechanism},
  journal = {The American Economic Review},
  volume = {93},
  number = {1},
  pages = {366-381},
}

% Masclet D. et Villeval M. C. [2008], Punishment, Inequality, and Welfare: A Public Good Experiment, Social Choice and Welfare, 31 (3), p. 475-502. 
@article{MascletVilleval2008,
  author = {Masclet, D. and Villeval, M. C.},
  year = {2008},
  title = {Punishment, Inequality, and Welfare: A Public Good Experiment},
  journal = {Social Choice and Welfare},
  volume = {31},
  number = {3},
  pages = {475-502},
}

% Merchant K. A. et Van der Stede W. A. [2007], Management Control Systems: Performance Measurement, Evaluation and Incentives, Londres, Pearson Education. 
@book{MerchantVanderStede2007,
  author = {Merchant, K. A. and Van der Stede, W. A.},
  year = {2007},
  title = {Management Control Systems: Performance Measurement, Evaluation and Incentives},
  publisher = {Pearson Education},
  address = {Londres}
}

% Nahavandi A. et Aranda E. [1994], Restructuring Teams for the Reengineered Organization, Academy of Management Review, 8 (4), p. 58-68. 
@article{NahavandiAranda1994,
  author = {Nahavandi, A. and Aranda, E.},
  year = {1994},
  title = {Restructuring Teams for the Reengineered Organization},
  journal = {Academy of Management Review},
  volume = {8},
  number = {4},
  pages = {58-68},
}

% Nalbantian H. R. et Schotter A. [1997], Productivity under Group Incentives: An Experimental Study, The American Economic Review, 87 (3), p. 314-341. 
@article{NalbantianSchotter1997,
  author = {Nalbantian, H. R. and Schotter, A.},
  year = {1997},
  title = {Productivity under Group Incentives: An Experimental Study},
  journal = {The American Economic Review},
  volume = {87},
  number = {3},
  pages = {314-341},
}

% Nikiforakis N. S. [2004], Punishment and Counter-Punishment in Public Goods Games: Can We Still Govern Ourselves?, Royal Holloway: University of London Discussion Paper, 04/05.
@article{Nikiforakis2004,
  author = {Nikiforakis, N. S.},
  year = {2004},
  title = {Punishment and Counter-Punishment in Public Goods Games: Can We Still Govern Ourselves?},
  journal = {Royal Holloway: University of London Discussion Paper},
  volume = {04/05},
}

% Nikiforakis N. S. [2008], Punishment and Counter-Punishment in Public Good Games: Can We Really Govern Ourselves?, Journal of Public Economics, 92 (1-2), p. 91-112. 
@article{Nikiforakis2008,
  author = {Nikiforakis, N. S.},
  year = {2008},
  title = {Punishment and Counter-Punishment in Public Good Games: Can We Really Govern Ourselves?},
  journal = {Journal of Public Economics},
  volume = {92},
  number = {1-2},
  pages = {91-112},
}

% Nikiforakis N. S. et Engelmann D. [2011], Altruistic Punishment and the Threat of Feuds, Journal of Economic Behavior \& Organization, 78 (3), p. 319-332. 
@article{NikiforakisEngelmann2011,
  author = {Nikiforakis, N. S. and Engelmann, D.},
  year = {2011},
  title = {Altruistic Punishment and the Threat of Feuds},
  journal = {Journal of Economic Behavior \& Organization},
  volume = {78},
  number = {3},
  pages = {319-332},
}

% Nikiforakis N. S. et Normann H. T. [2008], A Comparative Statics Analysis of Punishment in Public-Good Experiments, Experimental Economics, 11, p. 358-369. 
@article{NikiforakisNormann2008,
  author = {Nikiforakis, N. S. and Normann, H. T.},
  year = {2008},
  title = {A Comparative Statics Analysis of Punishment in Public-Good Experiments},
  journal = {Experimental Economics},
  volume = {11},
  pages = {358-369},
}

% Nikiforakis N. S., Noussair C. N. et Wilkening T. [2012], Normative Conflict and Feuds: The Limits of Self-Enforcement, Journal of Public Economics, 96 (9-10), p. 797-807. 
@article{NikiforakisNoussairWilkening2012,
  author = {Nikiforakis, N. S. and Noussair, C. N. and Wilkening, T.},
  year = {2012},
  title = {Normative Conflict and Feuds: The Limits of Self-Enforcement},
  journal = {Journal of Public Economics},
  volume = {96},
  number = {9-10},
  pages = {797-807},
}

% Noussair C. N. et Tucker S. [2005], Combining Monetary and Social Sanctions to Promote Cooperation, Economic Inquiry, 43 (3), p. 649-660. 
@article{NoussairTucker2005,
  author = {Noussair, C. N. and Tucker, S.},
  year = {2005},
  title = {Combining Monetary and Social Sanctions to Promote Cooperation},
  journal = {Economic Inquiry},
  volume = {43},
  number = {3},
  pages = {649-660},
}

% Owan H. [2014], How Should Teams Be Formed and Managed?, IZA World of Labor, 83. 
@article{Owan2014,
  author = {Owan, H.},
  year = {2014},
  title = {How Should Teams Be Formed and Managed?},
  journal = {IZA World of Labor},
  volume = {83},
}

% Patterson M. G., West M. A. et Wall T. D. [2004], Integrated Manufacturing, Empowerment, and Company Performance, The International Journal of Industrial, Occupational and Organizational Psychology and Behavior, 25 (5), p. 641-665. 
@article{PattersonWestWall2004,
  author = {Patterson, M. G. and West, M. A. and Wall, T. D.},
  year = {2004},
  title = {Integrated Manufacturing, Empowerment, and Company Performance},
  journal = {The International Journal of Industrial, Occupational and Organizational Psychology and Behavior},
  volume = {25},
  number = {5},
  pages = {641-665},
}

% Prendergast C. [1999], The Provision of Incentives in Firms, Journal of Economic Literature, 37 (1), p. 7-63. 
@article{Prendergast1999,
  author = {Prendergast, C.},
  year = {1999},
  title = {The Provision of Incentives in Firms},
  journal = {Journal of Economic Literature},
  volume = {37},
  number = {1},
  pages = {7-63},
}

% Rabin M. [1993], Incorporating Fairness into Game Theory and Economics, The American Economic Review, 83 (5), p. 1281-1302. 
@article{Rabin1993,
  author = {Rabin, M.},
  year = {1993},
  title = {Incorporating Fairness into Game Theory and Economics},
  journal = {The American Economic Review},
  volume = {83},
  number = {5},
  pages = {1281-1302},
}

% Radner R. [1986], Repeated Partnership Games with Imperfect Monitoring and No Discounting, Review of Economic Studies, 53 (1), p. 43-45. 
@article{Radner1986,
  author = {Radner, R.},
  year = {1986},
  title = {Repeated Partnership Games with Imperfect Monitoring and No Discounting},
  journal = {Review of Economic Studies},
  volume = {53},
  number = {1},
  pages = {43-45},
}

% Sacerdote B. [2001], Peer Effects with Random Assignment: Results for Dartmouth Roommates, The Quarterly Journal of Economics, 116 (2), p. 681-704. 
@article{Sacerdote2001,
  author = {Sacerdote, B.},
  year = {2001},
  title = {Peer Effects with Random Assignment: Results for Dartmouth Roommates},
  journal = {The Quarterly Journal of Economics},
  volume = {116},
  number = {2},
  pages = {681-704},
}

% Schram A. [2005], Artificiality: The Tension between Internal and External Validity in Economic Experiments, Journal of Economic Methodology, 12 (2), p. 225-237. 
@article{Schram2005,
  author = {Schram, A.},
  year = {2005},
  title = {Artificiality: The Tension between Internal and External Validity in Economic Experiments},
  journal = {Journal of Economic Methodology},
  volume = {12},
  number = {2},
  pages = {225-237},
}

% Sefton M, Shupp R. et Walker J. M. [2007], The Effect of Rewards and Sanctions in Provision of Public Goods, Economic Inquiry, 45 (4), p. 671-690. 
@article{SeftonShuppWalker2007,
  author = {Sefton, M. and Shupp, R. and Walker, J. M.},
  year = {2007},
  title = {The Effect of Rewards and Sanctions in Provision of Public Goods},
  journal = {Economic Inquiry},
  volume = {45},
  number = {4},
  pages = {671-690},
}

% Selten R. et Ockenfels A. [1998], An Experimental Solidarity Game, Journal of Economic Behavior \& Organization, 34 (4), p. 517-539. 
@article{SeltenOckenfels1998,
  author = {Selten, R. and Ockenfels, A.},
  year = {1998},
  title = {An Experimental Solidarity Game},
  journal = {Journal of Economic Behavior \& Organization},
  volume = {34},
  number = {4},
  pages = {517-539},
}

% Shah R. et Ward P. T. [2003], Lean Manufacturing: Context, Practice Bundles, and Performance, Journal of Operations Management, 21 (2), p. 129-149. 
@article{ShahWard2003,
  author = {Shah, R. and Ward, P. T.},
  year = {2003},
  title = {Lean Manufacturing: Context, Practice Bundles, and Performance},
  journal = {Journal of Operations Management},
  volume = {21},
  number = {2},
  pages = {129-149},
}

% Sheremeta R. M. [2016], The Pros and Cons of Workplace Tournaments, IZA World of Labor, 302. 
@article{Sheremeta2016,
  author = {Sheremeta, R. M.},
  year = {2016},
  title = {The Pros and Cons of Workplace Tournaments},
  journal = {IZA World of Labor},
  volume = {302},
}

% Sheremeta R. M. [2018], Behavior in Group Contests: A Review of Experimental Research, Journal of Economic Surveys, 32 (3), p. 683-704. 
@article{Sheremeta2018,
  author = {Sheremeta, R. M.},
  year = {2018},
  title = {Behavior in Group Contests: A Review of Experimental Research},
  journal = {Journal of Economic Surveys},
  volume = {32},
  number = {3},
  pages = {683-704},
}

% Smith V. [1982], Microeconomic Systems as an Experimental Science, The American Economic Review, 72 (5), p. 923-955. 
@article{Smith1982,
  author = {Smith, V.},
  year = {1982},
  title = {Microeconomic Systems as an Experimental Science},
  journal = {The American Economic Review},
  volume = {72},
  number = {5},
  pages = {923-955},
}

% Th√∂ni C. et Volk S. [2018], Conditional Cooperation: Review and Refinement, Economics Letters, 171, p. 37-40. 
@article{ThoniVolk2018,
  author = {Th√∂ni, C. and Volk, S.},
  year = {2018},
  title = {Conditional Cooperation: Review and Refinement},
  journal = {Economics Letters},
  volume = {171},
  pages = {37-40},
}

% Towry K. L. [2003], Control in a Teamwork Environment: The Impact of Social Ties on the Effectiveness of Mutual Monitoring Contracts, The Accounting Review, 78 (4), p. 1069-1095. 
@article{Towry2003,
  author = {Towry, K. L.},
  year = {2003},
  title = {Control in a Teamwork Environment: The Impact of Social Ties on the Effectiveness of Mutual Monitoring Contracts},
  journal = {The Accounting Review},
  volume = {78},
  number = {4},
  pages = {1069-1095},
}

% Van Dijk F., Sonnemans J. et Van Winden F. [2001], Incentive Systems in a Real Effort Experiment, European Economic Review, 45 (2), p. 187-214. 
@article{VanDijkSonnemansVanWinden2001,
  author = {Van Dijk, F. and Sonnemans, J. and Van Winden, F.},
  year = {2001},
  title = {Incentive Systems in a Real Effort Experiment},
  journal = {European Economic Review},
  volume = {45},
  number = {2},
  pages = {187-214},
}

% Varian H. R. [1990], Monitoring Agents with Other Agents, Journal of Institutional and Theoretical Economics, 146, p. 153-117. 
@article{Varian1990,
  author = {Varian, H. R.},
  year = {1990},
  title = {Monitoring Agents with Other Agents},
  journal = {Journal of Institutional and Theoretical Economics},
  volume = {146},
  pages = {153-117},
}

% Villadsen B. [1995], Communication and Delegation in Collusive Agencies, Journal of Accounting Economics, 19 (23), p. 315-334. 
@article{Villadsen1995,
  author = {Villadsen, B.},
  year = {1995},
  title = {Communication and Delegation in Collusive Agencies},
  journal = {Journal of Accounting Economics},
  volume = {19},
  number = {23},
  pages = {315-334},
}

% Yamagishi T. [1986], The Provision of a Sanctioning System as a Public Good, Journal of Personality and Social Psychology, 51 (1), p. 110-116. 
@article{Yamagishi1986,
  author = {Yamagishi, T.},
  year = {1986},
  title = {The Provision of a Sanctioning System as a Public Good},
  journal = {Journal of Personality and Social Psychology},
  volume = {51},
  number = {1},
  pages = {110-116},
}

% Winfield I. [1994], Toyota UK Ltd: Model HRM Practices?, Employee Relations, 16 (1), p. 41-53. 
@article{Winfield1994,
  author = {Winfield, I.},
  year = {1994},
  title = {Toyota UK Ltd: Model HRM Practices?},
  journal = {Employee Relations},
  volume = {16},
  number = {1},
  pages = {41-53},
}

% Zelmer J. [2003], Linear Public Goods Experiments: A Meta-Analysis, Experimental Economics, 6, p. 299-310. 
@article{Zelmer2003,
  author = {Zelmer, J.},
  year = {2003},
  title = {Linear Public Goods Experiments: A Meta-Analysis},
  journal = {Experimental Economics},
  volume = {6},
  pages = {299-310},
}

% Zizzo D. J. [2003], Money Burning and Rank Egalitarianism with Random Dictators, Economic Letters, 81, p. 263-266. 
@article{Zizzo2003,
  author = {Zizzo, D. J.},
  year = {2003},
  title = {Money Burning and Rank Egalitarianism with Random Dictators},
  journal = {Economic Letters},
  volume = {81},
  pages = {263-266},
}