@article{smith2023economic,
    title={Economic Statistics and Their Impact on Policy Making},
    author={Smith, John and Doe, Jane},
    journal={Journal of Economic Research},
    volume={45},
    number={2},
    pages={123-145},
    year={2023},
    publisher={Economic Research Publishing}
}