%% This BibTeX bibliography file was created using BibDesk.
%% https://bibdesk.sourceforge.io/

%% Created for MacPro2018 at 2024-01-21 18:09:43 +0100 


%% Saved with string encoding Unicode (UTF-8) 



@article{mroz1999,
	author = {Mroz, Thomas A},
	date-added = {2024-01-21 18:09:21 +0100},
	date-modified = {2024-01-21 18:09:38 +0100},
	journal = {Journal of Econometrics},
	number = {2},
	pages = {233--274},
	publisher = {Elsevier},
	title = {Discrete factor approximations in simultaneous equation models: Estimating the impact of a dummy endogenous variable on a continuous outcome},
	volume = {92},
	langid=english,
	year = {1999}}

@article{lewbel2012,
	author = {Lewbel, Arthur},
	date-added = {2024-01-21 18:07:01 +0100},
	date-modified = {2024-01-21 18:07:30 +0100},
	journal = {Journal of Business \& Economic Statistics},
	number = {1},
	pages = {67--80},
	publisher = {Taylor \& Francis},
	title = {Using heteroscedasticity to identify and estimate mismeasured and endogenous regressor models},
	volume = {30},
	langid=english,
	year = {2012}}

@article{heckman2007,
	author = {Heckman, James J and Navarro, Salvador},
	date-added = {2024-01-21 18:06:30 +0100},
	date-modified = {2024-01-21 18:07:47 +0100},
	journal = {Journal of Econometrics},
	number = {2},
	pages = {341--396},
	publisher = {Elsevier},
	title = {Dynamic discrete choice and dynamic treatment effects},
	volume = {136},
	langid=english,
	year = {2007}}

@article{ebbinghaus2021,
	author = {Ebbinghaus, Bernhard},
	date-added = {2023-11-04 16:13:47 +0100},
	date-modified = {2023-11-04 16:14:14 +0100},
	journal = {Social Policy \& Administration},
	number = {3},
	pages = {440--455},
	publisher = {Wiley Online Library},
	title = {Inequalities and poverty risks in old age across Europe: The double-edged income effect of pension systems},
	volume = {55},
	langid=english,
	year = {2021}}

@book{eurostat2020,
	author = {Louise Corselli-Nordblad and Helene Strandell},
	date-added = {2023-11-04 15:45:05 +0100},
	date-modified = {2023-11-04 16:11:05 +0100},
	editor = {EUROSTAT},
	institution = {EUROSTAT},
	publisher = {EUROSTAT},
	title = {Ageing Europe: Looking at the lives of older people in the \textsc{EU}},
	langid=english,
	year = {2020}}

@article{neugarten1974,
	author = {Neugarten, Bernice L},
	date-added = {2023-11-04 13:36:52 +0100},
	date-modified = {2023-11-04 13:37:44 +0100},
	journal = {The annals of the American academy of political and social science},
	number = {1},
	pages = {187--198},
	publisher = {Sage Publications Sage CA: Thousand Oaks, CA},
	title = {Age groups in American society and the rise of the young-old},
	volume = {415},
	langid=english,
	year = {1974}}

@article{bonnal1997,
	author = {Bonnal, Liliane and Foug{\`e}re, Denis and S{\'e}randon, Anne},
	date-added = {2023-11-03 19:42:24 +0100},
	date-modified = {2023-11-03 19:42:47 +0100},
	journal = {The Review of Economic Studies},
	number = {4},
	pages = {683--713},
	publisher = {Wiley-Blackwell},
	title = {Evaluating the impact of French employment policies on individual labour market histories},
	langid=english,
	volume = {64},
	year = {1997}}

@article{rostgaard2011,
	author = {Rostgaard, Tine and Glendinning, Caroline and Gori, Christiano and Kroger, T and Osterle, A and Szebehely, Marta and Thoebald, Hildegard and Timonen, Virpi and Vabo, Mia},
	date-added = {2023-11-01 18:50:06 +0100},
	date-modified = {2023-11-01 18:52:51 +0100},
	publisher = {SFI-Danish National Centre for Social Research},
	title = {Livindhome: living independently at home: reforms in home care in 9 European countries},
	langid=english,
	year = {2011}}

@article{Greene1983,
	author = {Greene, Vernon L},
	date-added = {2023-06-16 09:40:36 +0200},
	date-modified = {2023-06-16 09:41:21 +0200},
	journal = {Medical care},
	number = {6},
	pages = {609--619},
	publisher = {LWW},
	title = {Substitution between formally and informally provided care for the impaired elderly in the community},
	volume = {21},
	langid=english,
	year = {1983}}

@article{dodds2016,
	author = {Dodds, Richard M and Syddall, Holly E and Cooper, Rachel and Kuh, Diana and Cooper, Cyrus and Sayer, Avan Aihie},
	date-added = {2023-06-12 11:32:01 +0200},
	date-modified = {2023-06-12 11:32:26 +0200},
	journal = {Age and ageing},
	number = {2},
	pages = {209--216},
	publisher = {Oxford University Press},
	title = {Global variation in grip strength: a systematic review and meta-analysis of normative data},
	volume = {45},
	langid=english,
	year = {2016}}

@article{bonnal2023,
	author = {Bonnal, Liliane and Buitrago G{\'a}mez, Greivis and Favard, Pascal and Oros, Cornel},
	date-added = {2023-06-02 20:07:24 +0200},
	date-modified = {2023-06-02 20:07:43 +0200},
	journal = {Bulletin of Economic Research},
	number = {2},
	pages = {450--475},
	publisher = {Wiley Online Library},
	title = {Who gets injured at home? Evidence from older people in France},
	volume = {75},
	year = {2023},
	langid=english
}

@article{bonaldi2014,
	author = {Bonaldi, Christophe and Ricard, C{\'e}cile and Nicolau, Javier and Bouilly, Maryline and Th{\'e}lot, Bertrand},
	date-added = {2023-06-02 19:47:11 +0200},
	date-modified = {2023-06-02 19:47:53 +0200},
	journal = {Population health metrics},
	number = {1},
	pages = {1--11},
	publisher = {BioMed Central},
	title = {Estimates of home and leisure injuries treated in emergency departments in the adult population living in metropolitan France: a model-assisted approach},
	volume = {12},
	langid=english,
	year = {2014}}

@article{weeks2008,
	author = {Weeks, Lori E and Profit, Sheila and Campbell, Barbara and Graham, Hope and Chircop, Andrea and Sheppard-LeMoine, Debra},
	date-added = {2023-01-31 16:52:49 +0100},
	date-modified = {2023-01-31 16:53:28 +0100},
	journal = {Journal of gerontological nursing},
	number = {7},
	pages = {36--43},
	title = {Participation in physical activity: influences reported by seniors in the community and in long-term care facilities},
	volume = {34},
	langid=english,
	year = {2008}}

@article{aspinal2016,
	author = {Aspinal, Fiona and Glasby, Jon and Rostgaard, Tine and Tuntland, Hanne and Westendorp, Rudi GJ},
	date-added = {2023-01-31 16:52:10 +0100},
	date-modified = {2023-01-31 16:53:08 +0100},
	journal = {Age and ageing},
	number = {5},
	pages = {574--578},
	publisher = {Oxford University Press},
	title = {New horizons: Reablement-supporting older people towards independence},
	volume = {45},
	langid=english,
	year = {2016}}

@article{Campeon2006,
	author = {Camp{\'e}on, Arnaud and Le Bihan, Blanche},
	date-added = {2023-01-31 16:34:17 +0100},
	date-modified = {2023-01-31 16:42:27 +0100},
	journal = {{\'E}tudes et r{\'E}sultats},
	month = {1},
	number = {461},
	publisher = {DREES},
	langid=french,
	title = {Les plans d'aide associ{\'e}s {\`a} l'Allocation personnalis{\'e}e d'autonomie - Le point de vue des b{\'e}n{\'e}ficiaires et de leurs aidants},
	year = {2006}}

@article{ROQUEBERT2021,
	author = {Roquebert, Quitterie and Sicsic, Jonathan and Rapp, Thomas},
	date-added = {2022-10-29 13:01:55 +0200},
	date-modified = {2022-10-29 13:03:02 +0200},
	journal = {The European Journal of Health Economics},
	number = {3},
	pages = {405--423},
	publisher = {Springer},
	title = {Health measures and long-term care use in the European frail population},
	volume = {22},
	langid=english,
	year = {2021}}

@article{WILLIAMS2016,
	author = {Richard Williams},
	date-added = {2022-10-29 12:59:18 +0200},
	date-modified = {2022-10-29 12:59:18 +0200},
	doi = {10.1080/0022250X.2015.1112384},
	eprint = {https://doi.org/10.1080/0022250X.2015.1112384},
	journal = {The Journal of Mathematical Sociology},
	number = {1},
	pages = {7-20},
	publisher = {Routledge},
	title = {Understanding and interpreting generalized ordered logit models},
	url = {https://doi.org/10.1080/0022250X.2015.1112384},
	volume = {40},
	year = {2016},
	langid=english,
	bdsk-url-1 = {https://doi.org/10.1080/0022250X.2015.1112384}}

@article{JURGES2007,
	author = {J{\"u}rges, Hendrik},
	date-added = {2022-10-29 12:58:50 +0200},
	date-modified = {2022-10-29 12:58:50 +0200},
	doi = {10.1002/hec.1134},
	file = {Version accept{\'e}e:C\:\\Users\\SheldonDr\\Zotero\\storage\\S2U5L44N\\J{\"u}rges - 2007 - True health vs response styles exploring cross-co.pdf:application/pdf},
	issn = {10579230},
	journal = {Health Economics},
	language = {en},
	month = feb,
	number = {2},
	pages = {163--178},
	shorttitle = {True health vs response styles},
	langid=english,
	title = {True health vs response styles: exploring cross-country differences in self-reported health},
	url = {https://onlinelibrary.wiley.com/doi/10.1002/hec.1134},
	urldate = {2022-07-19},
	volume = {16},
	year = {2007},
	bdsk-url-1 = {https://onlinelibrary.wiley.com/doi/10.1002/hec.1134},
	bdsk-url-2 = {https://doi.org/10.1002/hec.1134}}

@article{MITRA2020a,
	author = {Sophie Mitra and Debra L. Brucker and Katie M. Jajtner},
	doi = {https://doi.org/10.1016/j.dhjo.2020.100926},
	issn = {1936-6574},
	journal = {Disability and Health Journal},
	keywords = {Wellbeing, Successful aging, Disability, Capability approach, Human development model, Aging},
	pages = {100926},
	title = {Wellbeing at older ages: Towards an inclusive and multidimensional measure},
	url = {http://www.sciencedirect.com/science/article/pii/S1936657420300510},
	year = {2020},
	langid=english,
	bdsk-url-1 = {http://www.sciencedirect.com/science/article/pii/S1936657420300510},
	bdsk-url-2 = {https://doi.org/10.1016/j.dhjo.2020.100926}}

@article{MITRA2020b,
	author = {S. Mitra and Q. Gao and W. Chen and Yalu Zhang},
	journal = {The journal of the economics of ageing},
	pages = {100255},
	title = {Health, work, and income among middle-aged and older adults: A panel analysis for China},
	langid=english,
	volume = {17},
	year = {2020}}

@article{DEPP2006,
	author = {Colin A. Depp and Dilip V. Jeste},
	doi = {https://doi.org/10.1097/01.JGP.0000192501.03069.bc},
	issn = {1064-7481},
	journal = {The American Journal of Geriatric Psychiatry},
	keywords = {Successful aging, healthy aging, disability, cognition, exercise, smoking},
	number = {1},
	pages = {6 - 20},
	langid=english,
	title = {Definitions and Predictors of Successful Aging: A Comprehensive Review of Larger Quantitative Studies},
	url = {http://www.sciencedirect.com/science/article/pii/S1064748112615875},
	volume = {14},
	year = {2006},
	bdsk-url-1 = {http://www.sciencedirect.com/science/article/pii/S1064748112615875},
	bdsk-url-2 = {https://doi.org/10.1097/01.JGP.0000192501.03069.bc}}

@misc{ECHOS2020a,
	author = {Echos},
	howpublished = {\url{https://www.lesechos.fr/thema/articles/salaries-aidants-lurgence-dune-meilleure-reconnaissance-par-les-entreprises-1252061}},
	note = {Accessed: 2020-11-09},
	title = {Salari{\'e}s aidants: l'urgence d'une reconnaissance par les entreprises},
	langid=english,
	year = {2020}}

@misc{ECHOS2020b,
	author = {Echos},
	howpublished = {\url{https://www.lesechos.fr/idees-debats/leadership-management/salaries-aidants-pourquoi-ils-appellent-au-secours-1244843}},
	note = {Accessed: 2020-11-09},
	title = {Salari{\'e}s aidants: pourquoi ils appellent au secours},
	langid=english,
	year = {2020}}

@techreport{WHO2020,
	author = {Who},
	institution = {World Health Organization},
	title = {Preventing and managing COVID-19 across long-term care services : policy brief},
	langid=english,
	year = {2020}}

@article{TESCHROMER2016,
	author = {Tesch-R{\"o}mer, Clemens and Wahl, Hans-Werner},
	doi = {10.1093/geronb/gbw162},
	eprint = {https://academic.oup.com/psychsocgerontology/article-pdf/72/2/310/24373384/gbw162.pdf},
	issn = {1079-5014},
	journal = {The Journals of Gerontology: Series B},
	month = {12},
	number = {2},
	pages = {310-318},
	title = {{Toward a More Comprehensive Concept of Successful Aging: Disability and Care Needs}},
	url = {https://doi.org/10.1093/geronb/gbw162},
	volume = {72},
	langid=english,
	year = {2016},
	bdsk-url-1 = {https://doi.org/10.1093/geronb/gbw162}}

@article{AMIRKHANYAN2006,
	author = {Amirkhanyan, Anna A. and Wolf, Douglas A.},
	doi = {10.1093/geronb/61.5.S248},
	eprint = {https://academic.oup.com/psychsocgerontology/article-pdf/61/5/S248/9909060/S248.pdf},
	issn = {1079-5014},
	journal = {The Journals of Gerontology: Series B},
	month = {09},
	number = {5},
	pages = {S248-S255},
	title = {{Parent Care and the Stress Process: Findings From Panel Data}},
	url = {https://doi.org/10.1093/geronb/61.5.S248},
	volume = {61},
	langid=english,
	year = {2006},
	bdsk-url-1 = {https://doi.org/10.1093/geronb/61.5.S248}}

@article{STEPHENS2017,
	author = {Stephens, Christine},
	doi = {10.1080/09581596.2016.1192583},
	eprint = {https://doi.org/10.1080/09581596.2016.1192583},
	journal = {Critical Public Health},
	number = {4},
	pages = {490-498},
	publisher = {Taylor & Francis},
	title = {From success to capability for healthy ageing: shifting the lens to include all older people},
	url = {https://doi.org/10.1080/09581596.2016.1192583},
	volume = {27},
	langid=english,
	year = {2017},
	bdsk-url-1 = {https://doi.org/10.1080/09581596.2016.1192583}}

@article{POLLY2016,
	author = {Yeung, Polly and Breheny, Mary},
	doi = {10.1093/ageing/afw002},
	eprint = {https://academic.oup.com/ageing/article-pdf/45/2/292/16647155/afw002.pdf},
	issn = {0002-0729},
	journal = {Age and Ageing},
	month = {01},
	number = {2},
	pages = {292-298},
	title = {{Using the capability approach to understand the determinants of subjective well-being among community-dwelling older people in New Zealand}},
	url = {https://doi.org/10.1093/ageing/afw002},
	langid=english,
	volume = {45},
	year = {2016},
	bdsk-url-1 = {https://doi.org/10.1093/ageing/afw002}}

@article{BUSSIERE2021,
	author = {Cl{\'e}mence Bussi{\`e}re and Nicolas Sirven and Philippe Tessier},
	doi = {https://doi.org/10.1016/j.socscimed.2020.113456},
	issn = {0277-9536},
	journal = {Social Science & Medicine},
	keywords = {Europe, Subjective well-being, Value of health, Healthcare evaluation, Ageing, Panel data},
	pages = {113456},
	langid=english,
	title = {Does ageing alter the contribution of health to subjective well-being?},
	url = {https://www.sciencedirect.com/science/article/pii/S0277953620306754},
	volume = {268},
	year = {2021},
	bdsk-url-1 = {https://www.sciencedirect.com/science/article/pii/S0277953620306754},
	bdsk-url-2 = {https://doi.org/10.1016/j.socscimed.2020.113456}}

@article{BALIA2014,
	author = {Balia, Silvia and Brau, Rinaldo},
	doi = {https://doi.org/10.1002/hec.2977},
	eprint = {https://onlinelibrary.wiley.com/doi/pdf/10.1002/hec.2977},
	journal = {Health Economics},
	keywords = {long-term care, ageing, discrete latent factors, proximity to death, C3, I1},
	number = {10},
	pages = {1185-1212},
	title = {A Country For Old Men? Long Term Home Care Utilization In Europe},
	langid=english,
	url = {https://onlinelibrary.wiley.com/doi/abs/10.1002/hec.2977},
	volume = {23},
	year = {2014},
	bdsk-url-1 = {https://onlinelibrary.wiley.com/doi/abs/10.1002/hec.2977},
	bdsk-url-2 = {https://doi.org/10.1002/hec.2977}}

@article{PERDRIX2021,
	author = {Perdrix, Elsa and Roquebert, Quitterie},
	doi = {10.1007/s10198-021-01370-5},
	issn = {1618-7598, 1618-7601},
	journal = {The European Journal of Health Economics},
	language = {en},
	month = apr,
	number = {3},
	pages = {453--465},
	shorttitle = {Does the amount of formal care affect informal care?},
	title = {Does the amount of formal care affect informal care? {Evidence} among over-60s in {France}},
	langid=english,
	url = {https://link.springer.com/10.1007/s10198-021-01370-5},
	volume = {23},
	year = {2021},
	bdsk-url-1 = {https://link.springer.com/10.1007/s10198-021-01370-5},
	bdsk-url-2 = {https://doi.org/10.1007/s10198-021-01370-5}}

@unpublished{ARNAULT2017,
	author = {Arnault, Louis and Goltz, Andreas},
	hal_id = {hal-01458362},
	hal_version = {v1},
	keywords = {Long-term Care ; Informal Care ; Formal Care ; Elderly},
	month = Feb,
	note = {working paper or preprint},
	pdf = {https://hal.archives-ouvertes.fr/hal-01458362/file/doc3.pdf},
	title = {{Can formal home care reduce the burden of informal care for elderly dependents? Evidence from France.}},
	langid=english,
	url = {https://hal.archives-ouvertes.fr/hal-01458362},
	year = {2017},
	bdsk-url-1 = {https://hal.archives-ouvertes.fr/hal-01458362}}

@article{CARRINO2018,
	author = {Carrino, Ludovico and Orso, Cristina Elisa and Pasini, Giacomo},
	doi = {10.1002/hec.3665},
	file = {Texte int{\'e}gral:C\:\\Users\\SheldonDr\\Zotero\\storage\\YSSHEAWG\\Carrino et al. - 2018 - Demand of long-term care and benefit eligibility a.pdf:application/pdf},
	issn = {10579230},
	journal = {Health Economics},
	language = {en},
	month = aug,
	number = {8},
	pages = {1175--1188},
	title = {Demand of long-term care and benefit eligibility across {European} countries},
	langid=english,
	url = {http://doi.wiley.com/10.1002/hec.3665},
	urldate = {2021-03-02},
	volume = {27},
	year = {2018},
	bdsk-url-1 = {http://doi.wiley.com/10.1002/hec.3665},
	bdsk-url-2 = {https://doi.org/10.1002/hec.3665}}

@article{BONSANG2009,
	author = {Bonsang, Eric},
	doi = {10.1016/j.jhealeco.2008.09.002},
	file = {BONSANG2009.pdf:D\:\\Documents\\These\\Articles\\BONSANG2009.pdf:application/pdf},
	issn = {01676296},
	journal = {Journal of Health Economics},
	language = {en},
	month = jan,
	number = {1},
	pages = {143--154},
	title = {Does informal care from children to their elderly parents substitute for formal care in {Europe}?},
	url = {https://linkinghub.elsevier.com/retrieve/pii/S0167629608001252},
	urldate = {2021-03-05},
	volume = {28},
	year = {2009},
	langid=english,
	bdsk-url-1 = {https://linkinghub.elsevier.com/retrieve/pii/S0167629608001252},
	bdsk-url-2 = {https://doi.org/10.1016/j.jhealeco.2008.09.002}}

@article{VANHOUTVEN2004,
	author = {Van Houtven, Courtney Harold and Norton, Edward C.},
	doi = {10.1016/j.jhealeco.2004.04.008},
	file = {VANHOUTVEN2004.pdf:D\:\\Documents\\These\\Articles\\VANHOUTVEN2004.pdf:application/pdf},
	issn = {01676296},
	journal = {Journal of Health Economics},
	language = {en},
	month = nov,
	number = {6},
	pages = {1159--1180},
	title = {Informal care and health care use of older adults},
	url = {https://linkinghub.elsevier.com/retrieve/pii/S0167629604000852},
	urldate = {2021-03-08},
	volume = {23},
	year = {2004},
	langid=english,
	bdsk-url-1 = {https://linkinghub.elsevier.com/retrieve/pii/S0167629604000852},
	bdsk-url-2 = {https://doi.org/10.1016/j.jhealeco.2004.04.008}}

@article{BOLIN2008,
	author = {Bolin, K. and Lindgren, B. and Lundborg, P.},
	doi = {10.1002/hec.1275},
	file = {Version soumise:C\:\\Users\\SheldonDr\\Zotero\\storage\\DTAGNRTS\\Bolin et al. - 2008 - Informal and formal care among single-living elder.pdf:application/pdf;BOLIN2008.pdf:D\:\\Documents\\These\\Articles\\BOLIN2008.pdf:application/pdf},
	issn = {10579230, 10991050},
	journal = {Health Economics},
	language = {en},
	month = mar,
	number = {3},
	pages = {393--409},
	title = {Informal and formal care among single-living elderly in {Europe}},
	url = {http://doi.wiley.com/10.1002/hec.1275},
	urldate = {2021-03-10},
	volume = {17},
	langid=english,
	year = {2008},
	bdsk-url-1 = {http://doi.wiley.com/10.1002/hec.1275},
	bdsk-url-2 = {https://doi.org/10.1002/hec.1275}}

@article{CHARLES2005,
	author = {Charles, Kerwin Kofi and Sevak, Purvi},
	doi = {10.1016/j.jhealeco.2005.05.001},
	file = {CHARLES2005.pdf:D\:\\Documents\\These\\Articles\\CHARLES2005.pdf:application/pdf},
	issn = {01676296},
	journal = {Journal of Health Economics},
	language = {en},
	month = nov,
	number = {6},
	pages = {1174--1190},
	title = {Can family caregiving substitute for nursing home care?},
	url = {https://linkinghub.elsevier.com/retrieve/pii/S016762960500041X},
	urldate = {2021-03-12},
	volume = {24},
	langid=english,
	year = {2005},
	bdsk-url-1 = {https://linkinghub.elsevier.com/retrieve/pii/S016762960500041X},
	bdsk-url-2 = {https://doi.org/10.1016/j.jhealeco.2005.05.001}}

@article{BARNAY2016,
	author = {Barnay, Thomas and Juin, Sandrine},
	doi = {10.1016/j.jhealeco.2015.10.008},
	file = {BARNAY2016.pdf:D\:\\Documents\\These\\Articles\\BARNAY2016.pdf:application/pdf},
	issn = {01676296},
	journal = {Journal of Health Economics},
	language = {en},
	month = jan,
	pages = {149--160},
	title = {Does home care for dependent elderly people improve their mental health?},
	url = {https://linkinghub.elsevier.com/retrieve/pii/S0167629615001204},
	urldate = {2021-03-12},
	volume = {45},
	langid=english,
	year = {2016},
	bdsk-url-1 = {https://linkinghub.elsevier.com/retrieve/pii/S0167629615001204},
	bdsk-url-2 = {https://doi.org/10.1016/j.jhealeco.2015.10.008}}

@article{ROQUEBERT2017,
	author = {Roquebert, Quitterie and Tenand, Marianne},
	doi = {10.1002/hec.3531},
	file = {Version soumise:C\:\\Users\\SheldonDr\\Zotero\\storage\\TA4HR4VL\\Roquebert et Tenand - 2017 - Pay less, consume more The price elasticity of ho.pdf:application/pdf;ROQUEBERT2017.pdf:D\:\\Documents\\These\\Articles\\ROQUEBERT2017.pdf:application/pdf},
	issn = {10579230},
	journal = {Health Economics},
	language = {en},
	month = sep,
	number = {9},
	pages = {1162--1174},
	shorttitle = {Pay less, consume more?},
	title = {Pay less, consume more? {The} price elasticity of home care for the disabled elderly in {France};},
	url = {http://doi.wiley.com/10.1002/hec.3531},
	urldate = {2021-03-12},
	volume = {26},
	langid=english,
	year = {2017},
	bdsk-url-1 = {http://doi.wiley.com/10.1002/hec.3531},
	bdsk-url-2 = {https://doi.org/10.1002/hec.3531}}

@article{STABILE2006,
	author = {Stabile, Mark and Laporte, Audrey and Coyte, Peter C.},
	doi = {10.1016/j.jhealeco.2005.03.009},
	file = {Texte int{\'e}gral:C\:\\Users\\SheldonDr\\Zotero\\storage\\XJKFIR9Q\\Stabile et al. - 2006 - Household responses to public home care programs.pdf:application/pdf;STABILE2006.pdf:D\:\\Documents\\These\\Articles\\STABILE2006.pdf:application/pdf},
	issn = {01676296},
	journal = {Journal of Health Economics},
	language = {en},
	month = jul,
	number = {4},
	pages = {674--701},
	title = {Household responses to public home care programs},
	url = {https://linkinghub.elsevier.com/retrieve/pii/S0167629605001165},
	urldate = {2021-03-18},
	volume = {25},
	langid=english,
	year = {2006},
	bdsk-url-1 = {https://linkinghub.elsevier.com/retrieve/pii/S0167629605001165},
	bdsk-url-2 = {https://doi.org/10.1016/j.jhealeco.2005.03.009}}

@article{REHER1998,
	address = {New York},
	author = {David Sven Reher},
	copyright = {Copyright 1998 The Population Council, Inc.},
	issn = {0098-7921},
	journal = {Population and development review},
	keywords = {Demography ; Households ; Censuses ; Domestic workers ; Children ; Families ; Older adults ; Marriage ; Homes ; Age ; Demographic aspects ; Family},
	language = {eng},
	number = {2},
	pages = {203-234},
	publisher = {The Population Council},
	title = {Family Ties in Western Europe: Persistent Contrasts},
	volume = {24},
	langid=english,
	year = {1998}}

@article{TERZA2008,
	author = {Terza, Joseph V. and Basu, Anirban and Rathouz, Paul J.},
	doi = {10.1016/j.jhealeco.2007.09.009},
	file = {Version accept{\'e}e:C\:\\Users\\SheldonDr\\Zotero\\storage\\GQVGNCN3\\Terza et al. - 2008 - Two-stage residual inclusion estimation Addressin.pdf:application/pdf;TERZA2008.pdf:D\:\\Documents\\These\\Articles\\TERZA2008.pdf:application/pdf},
	issn = {01676296},
	journal = {Journal of Health Economics},
	language = {en},
	month = may,
	number = {3},
	pages = {531--543},
	shorttitle = {Two-stage residual inclusion estimation},
	title = {Two-stage residual inclusion estimation: {Addressing} endogeneity in health econometric modeling},
	url = {https://linkinghub.elsevier.com/retrieve/pii/S0167629607001063},
	urldate = {2021-03-24},
	volume = {27},
	year = {2008},
	bdsk-url-1 = {https://linkinghub.elsevier.com/retrieve/pii/S0167629607001063},
	bdsk-url-2 = {https://doi.org/10.1016/j.jhealeco.2007.09.009}}

@article{KALWIJ2014,
	author = {Kalwij, Adriaan and Pasini, Giacomo and Wu, Mingqin},
	doi = {10.1007/s11150-012-9159-4},
	file = {KALWIJ2014.pdf:D\:\\Documents\\These\\Articles\\KALWIJ2014.pdf:application/pdf},
	issn = {1569-5239, 1573-7152},
	journal = {Review of Economics of the Household},
	language = {en},
	month = jun,
	number = {2},
	pages = {379--404},
	shorttitle = {Home care for the elderly},
	title = {Home care for the elderly: the role of relatives, friends and neighbors},
	url = {http://link.springer.com/10.1007/s11150-012-9159-4},
	urldate = {2021-03-24},
	langid=english,
	volume = {12},
	year = {2014},
	bdsk-url-1 = {http://link.springer.com/10.1007/s11150-012-9159-4},
	bdsk-url-2 = {https://doi.org/10.1007/s11150-012-9159-4}}

@article{LOSASSO2002,
	langid=english,
	author = {Lo Sasso, Anthony T. and Johnson, Richard W.},
	doi = {10.5034/inquiryjrnl_39.3.279},
	file = {LOSASSO2002.pdf:D\:\\Documents\\These\\Articles\\LOSASSO2002.pdf:application/pdf},
	issn = {0046-9580, 1945-7243},
	journal = {INQUIRY: The Journal of Health Care Organization, Provision, and Financing},
	language = {en},
	month = aug,
	number = {3},
	pages = {279--297},
	title = {Does {Informal} {Care} from {Adult} {Children} {Reduce} {Nursing} {Home} {Admissions} for the {Elderly}?},
	url = {http://journals.sagepub.com/doi/10.5034/inquiryjrnl_39.3.279},
	urldate = {2021-03-24},
	volume = {39},
	year = {2002},
	bdsk-url-1 = {http://journals.sagepub.com/doi/10.5034/inquiryjrnl_39.3.279},
	bdsk-url-2 = {https://doi.org/10.5034/inquiryjrnl_39.3.279}}

@article{BILLAUD2014,
	langid=english,
	author = {Billaud, Sol{\`e}ne and Gramain, Agn{\`e}s},
	doi = {10.3917/rce.015.0264},
	file = {BILLAUD2014.pdf:D\:\\Documents\\These\\Articles\\BILLAUD2014.pdf:application/pdf},
	issn = {1956-7413, 2119-3975},
	journal = {Regards crois{\'e}s sur l'{\'e}conomie},
	language = {fr},
	number = {2},
	pages = {264},
	title = {14. {L}'aide aux personnes {\^a}g{\'e}es n'est-elle qu'une affaire de femmes ?},
	url = {http://www.cairn.info/revue-regards-croises-sur-l-economie-2014-2-page-264.htm},
	urldate = {2021-03-24},
	volume = {15},
	year = {2014},
	bdsk-url-1 = {http://www.cairn.info/revue-regards-croises-sur-l-economie-2014-2-page-264.htm},
	bdsk-url-2 = {https://doi.org/10.3917/rce.015.0264}}

@article{HLEBEC2019,
	langid=english,
	author = {Hlebec, Valentina and Srakar, Andrej and Majcen, Boris},
	issn = {1330-2965},
	journal = {Revija za socijalnu politiku},
	language = {eng},
	number = {2},
	pages = {135-152},
	title = {Long-Term Care Determinants of Care Arrangements for Older People in Europe: Evidence from SHARE},
	volume = {26},
	year = {2019}}

@article{OUDIJK2011,
	langid=english,
	address = {Ireland},
	author = {Oudijk, Debbie and Woittiez, Isolde and de Boer, Alice},
	copyright = {Elsevier Ireland Ltd},
	issn = {0168-8510},
	journal = {Health policy (Amsterdam)},
	keywords = {Internal Medicine ; Logit model ; Motivation ; SHARE ; Elderly ; Informal care ; Health Policy ; Age Factors ; Caregivers - psychology ; Europe ; Humans ; Middle Aged ; Male ; Data Collection ; Netherlands ; Social Responsibility ; Cross-Cultural Comparison ; Female ; Aged ; Informal care Motivation Elderly SHARE Logit model ; Health administration},
	language = {eng},
	number = {3},
	pages = {228-235},
	publisher = {Elsevier Ireland Ltd},
	series = {Health Policy},
	title = {More family responsibility, more informal care? The effect of motivation on the giving of informal care by people aged over 50 in the Netherlands compared to other European countries},
	volume = {101},
	year = {2011}}

@article{HIEL2014,
	langid=english,
	address = {United States},
	author = {Hiel, Laura and Beenackers, Mari{\"e}lle A and Renders, Carry M and Robroek, Suzan J.W and Burdorf, Alex and Croezen, Simone},
	copyright = {Elsevier Inc.},
	issn = {0091-7435},
	journal = {Preventive medicine},
	keywords = {Internal Medicine ; Caregivers ; MeSH terms: Elderly ; Health status ; Health ; Informal care ; Europe ; Patient care ; Longitudinal studies ; Elderly ; Caregivers - statistics & numerical data ; Patient Care - trends ; Prospective Studies ; Patient Care - psychology ; Caregivers - psychology ; Humans ; Middle Aged ; Self Report ; Cost of Illness ; Male ; Mental Health ; Stress, Psychological - psychology ; Socioeconomic Factors ; Caregivers - trends ; Aged, 80 and over ; Female ; Interviews as Topic ; Patient Care - statistics & numerical data ; Aged ; Health Status ; Stress, Psychological - physiopathology},
	language = {eng},
	pages = {64-68},
	publisher = {Elsevier Inc},
	title = {Providing personal informal care to older European adults: Should we care about the caregivers' health?},
	volume = {70},
	year = {2014}}

@article{LIU2021,
	langid=english,
	author = {Liu, Huan},
	issn = {2158-2440},
	journal = {SAGE open},
	language = {eng},
	number = {2},
	pages = {215824402110164-},
	publisher = {SAGE Publishing},
	title = {Formal and Informal Care: Complementary or Substitutes in Care for Elderly People? Empirical Evidence From China},
	volume = {11},
	year = {2021}}

@article{CAGNEY1999,
	langid=english,
	address = {Washington, DC},
	author = {Cagney, Kathleen A and Agree, Emily M},
	copyright = {1999 INIST-CNRS},
	issn = {1079-5014},
	journal = {The journals of gerontology. Series B, Psychological sciences and social sciences},
	keywords = {Public health. Hygiene-occupational medicine ; Public health. Hygiene ; Biological and medical sciences ; Miscellaneous ; Medical sciences ; Prevention and actions ; Caregivers - statistics & numerical data ; Long-Term Care - statistics & numerical data ; United States ; Humans ; Social Support ; European Continental Ancestry Group - statistics & numerical data ; Male ; Home Care Services - statistics & numerical data ; Homes for the Aged - statistics & numerical data ; African Americans - statistics & numerical data ; Cross-Cultural Comparison ; Aged, 80 and over ; Female ; Utilization Review ; Aged ; Longitudinal Studies ; Nursing Homes - statistics & numerical data ; African Americans ; Nursing homes ; Social aspects ; Health aspects ; Race relations ; Abridged Index Medicus},
	language = {eng},
	number = {4},
	pages = {S223-S236},
	publisher = {The Gerontological Society of America},
	title = {Racial Differences in Skilled Nursing Care and Home Health Use: The Mediating Effects of Family Structure and Social Class},
	volume = {54B},
	year = {1999}}

@article{FREEDMAN1996,
	langid=english,
	address = {United States},
	author = {Freedman, V A},
	issn = {1079-5014},
	journal = {The journals of gerontology. Series B, Psychological sciences and social sciences},
	keywords = {Nursing Homes ; Age Factors ; Humans ; Risk Factors ; Family ; Female ; Male ; Aged ; Long-Term Care ; Marital Status ; Nursing homes ; Care and treatment ; Admission ; Abridged Index Medicus},
	language = {eng},
	number = {2},
	pages = {S61-S69},
	publisher = {The Gerontological Society of America},
	title = {Family Structure and the Risk of Nursing Home Admission},
	volume = {51B},
	year = {1996}}

@article{BREMER2017,
	langid=english,
	author = {Patrick Bremer and David Challis and Ingalill Rahm Hallberg and Helena Leino-Kilpi and Kai Saks and Bruno Vellas and Sandra M.G. Zwakhalen and Dirk Sauerland},
	doi = {https://doi.org/10.1016/j.healthpol.2017.03.013},
	issn = {0168-8510},
	journal = {Health Policy},
	keywords = {Formal Care, Informal Care, Dementia, Substitute, Count Data Model, Europe},
	number = {6},
	pages = {613-622},
	title = {Informal and formal care: Substitutes or complements in care for people with dementia? Empirical evidence for 8 European countries},
	url = {https://www.sciencedirect.com/science/article/pii/S016885101730088X},
	volume = {121},
	year = {2017},
	bdsk-url-1 = {https://www.sciencedirect.com/science/article/pii/S016885101730088X},
	bdsk-url-2 = {https://doi.org/10.1016/j.healthpol.2017.03.013}}

@article{GEERTS2012,
	langid=english,
	address = {Dordrecht},
	author = {Geerts, Joanna and Van den Bosch, Karel},
	copyright = {Springer-Verlag 2011},
	issn = {1613-9372},
	journal = {European journal of ageing},
	keywords = {Aged ; Aging ; Analysis ; Demography ; Formal home care ; Geriatrics/Gerontology ; Home care ; Informal care ; Long-term care ; Long-term care of the sick ; Longitudinal analysis ; Psychology, general ; Public Health/Gesundheitswesen ; SHARE ; Social Sciences, general},
	language = {eng},
	number = {1},
	pages = {27-37},
	publisher = {Springer Netherlands},
	title = {Transitions in formal and informal care utilisation amongst older Europeans: the impact of national contexts},
	volume = {9},
	year = {2012}}

@article{PRINCE1999,
	langid=english,
	author = {Prince, M. J. and Beekman, A. T. F. and Deeg, D. J. H. and Fuhrer, R. and Kivela, S.-L. and Lawlor, B. A. and Lobo, A. and Magnusson, H. and Meller, I. and Van Oyen, H. and et al.},
	doi = {10.1192/bjp.174.4.339},
	journal = {British Journal of Psychiatry},
	number = {4},
	pages = {339--345},
	publisher = {Cambridge University Press},
	title = {Depression symptoms in late life assessed using the EURO--D scale: Effect of age, gender and marital status in 14 European centres},
	volume = {174},
	year = {1999},
	bdsk-url-1 = {https://doi.org/10.1192/bjp.174.4.339}}

@article{WINTER2014,
	langid=english,
	author = {Winter, Jane E and MacInnis, Robert J and Wattanapenpaiboon, Naiyana and Nowson, Caryl A},
	doi = {10.3945/ajcn.113.068122},
	eprint = {https://academic.oup.com/ajcn/article-pdf/99/4/875/23831409/875.pdf},
	issn = {0002-9165},
	journal = {The American Journal of Clinical Nutrition},
	month = {01},
	number = {4},
	pages = {875-890},
	title = {{BMI and all-cause mortality in older adults: a meta-analysis}},
	url = {https://doi.org/10.3945/ajcn.113.068122},
	volume = {99},
	year = {2014},
	bdsk-url-1 = {https://doi.org/10.3945/ajcn.113.068122}}

@article{AOUICI2019,
	langid=french,
	author = {Aouici, Sabrina and Peyrache, Malorie},
	doi = {10.3917/rs1.082.0015},
	issn = {1167-4687, 1961-8719},
	journal = {Retraite et soci{\'e}t{\'e}},
	language = {fr},
	number = {2},
	pages = {15},
	shorttitle = {Le sentiment de solitude dans la vieillesse},
	title = {Le sentiment de solitude dans la vieillesse: {Une} analyse des effets de la pr{\'e}carit{\'e} sociale et {\'e}conomique},
	url = {http://www.cairn.info/revue-retraite-et-societe-2019-2-page-15.htm?ref=doi},
	urldate = {2021-10-14},
	volume = {82},
	year = {2019},
	bdsk-url-1 = {http://www.cairn.info/revue-retraite-et-societe-2019-2-page-15.htm?ref=doi},
	bdsk-url-2 = {https://doi.org/10.3917/rs1.082.0015}}

@article{ARSENIJEVIC2018,
	langid=english,
	author = {Arsenijevic, Jelena and Groot, Wim},
	doi = {10.1186/s12889-018-6004-6},
	file = {Texte int{\'e}gral:C\:\\Users\\SheldonDr\\Zotero\\storage\\TJHW52L5\\Arsenijevic et Groot - 2018 - Does household help prevent loneliness among the e.pdf:application/pdf},
	issn = {1471-2458},
	journal = {BMC Public Health},
	language = {en},
	month = dec,
	number = {1},
	pages = {1104},
	shorttitle = {Does household help prevent loneliness among the elderly?},
	title = {Does household help prevent loneliness among the elderly? {An} evaluation of a policy reform in the {Netherlands}},
	url = {https://bmcpublichealth.biomedcentral.com/articles/10.1186/s12889-018-6004-6},
	urldate = {2021-10-14},
	volume = {18},
	year = {2018},
	bdsk-url-1 = {https://bmcpublichealth.biomedcentral.com/articles/10.1186/s12889-018-6004-6},
	bdsk-url-2 = {https://doi.org/10.1186/s12889-018-6004-6}}

@article{HACIHASANOGLU2012,
	langid=english,
	author = {Hacihasano{\u g}lu, Rabia and Yildirim, Arzu and Karakurt, Papatya},
	doi = {10.1016/j.archger.2011.03.011},
	issn = {01674943},
	journal = {Archives of Gerontology and Geriatrics},
	language = {en},
	month = jan,
	number = {1},
	pages = {61--66},
	title = {Loneliness in elderly individuals, level of dependence in activities of daily living ({ADL}) and influential factors},
	url = {https://linkinghub.elsevier.com/retrieve/pii/S0167494311000793},
	urldate = {2021-10-14},
	volume = {54},
	year = {2012},
	bdsk-url-1 = {https://linkinghub.elsevier.com/retrieve/pii/S0167494311000793},
	bdsk-url-2 = {https://doi.org/10.1016/j.archger.2011.03.011}}

@article{MCCAMISHSVENSSON1999,
	langid=english,
	author = {McCamish‐Svensson, Cheryl and Samuelsson, Gillis and Hagberg, Bo and Svensson, Torbj{\"o}rn and Dehlin, Ove},
	doi = {10.1046/j.1365-2524.1999.00173.x},
	issn = {0966-0410, 1365-2524},
	journal = {Health \& Social Care in the Community},
	language = {en},
	month = may,
	number = {3},
	pages = {163--176},
	shorttitle = {Informal and formal support from a multi‐disciplinary perspective},
	title = {Informal and formal support from a multi‐disciplinary perspective: a {Swedish} follow‐up between 80 and 82 years of age},
	url = {https://onlinelibrary.wiley.com/doi/abs/10.1046/j.1365-2524.1999.00173.x},
	urldate = {2021-10-14},
	volume = {7},
	year = {1999},
	bdsk-url-1 = {https://onlinelibrary.wiley.com/doi/abs/10.1046/j.1365-2524.1999.00173.x},
	bdsk-url-2 = {https://doi.org/10.1046/j.1365-2524.1999.00173.x}}

@article{CHAVAGNAT2009,
	langid=french,
	author = {Chavagnat, Jean Jacques},
	doi = {10.3917/eslm.135.0023},
	issn = {1286-5702, 1961-8654},
	journal = {Etudes sur la mort},
	language = {fr},
	number = {1},
	pages = {23},
	title = {La solitude, le grand {\^a}ge et la mort},
	url = {http://www.cairn.info/revue-etudes-sur-la-mort-2009-1-page-23.htm},
	urldate = {2021-12-08},
	volume = {135},
	year = {2009},
	bdsk-url-1 = {http://www.cairn.info/revue-etudes-sur-la-mort-2009-1-page-23.htm},
	bdsk-url-2 = {https://doi.org/10.3917/eslm.135.0023}}

@article{THOMAS1998,
	langid=english,
	author = {Thomas, Vince Salazar and Rockwood, Kenneth and McDowell, Ian},
	doi = {10.1016/S0895-4356(97)00292-8},
	issn = {08954356},
	journal = {Journal of Clinical Epidemiology},
	language = {en},
	month = apr,
	number = {4},
	pages = {315--321},
	title = {Multidimensionality in {Instrumental} and {Basic} {Activities} of {Daily} {Living}},
	url = {https://linkinghub.elsevier.com/retrieve/pii/S0895435697002928},
	urldate = {2021-12-08},
	volume = {51},
	year = {1998},
	bdsk-url-1 = {https://linkinghub.elsevier.com/retrieve/pii/S0895435697002928},
	bdsk-url-2 = {https://doi.org/10.1016/S0895-4356(97)00292-8}}

@article{KALWIJ2008,
	langid=english,
	author = {Kalwij, Adriaan and Vermeulen, Frederic},
	doi = {10.1002/hec.1285},
	issn = {10579230, 10991050},
	journal = {Health Economics},
	language = {en},
	month = may,
	number = {5},
	pages = {619--638},
	shorttitle = {Health and labour force participation of older people in {Europe}},
	title = {Health and labour force participation of older people in {Europe}: {What} do objective health indicators add to the analysis?},
	url = {https://onlinelibrary.wiley.com/doi/10.1002/hec.1285},
	urldate = {2022-01-18},
	volume = {17},
	year = {2008},
	bdsk-url-1 = {https://onlinelibrary.wiley.com/doi/10.1002/hec.1285},
	bdsk-url-2 = {https://doi.org/10.1002/hec.1285}}

@book{GREENE2018,
	langid=english,
	author = {Greene, W.H.},
	isbn = {9780134461366},
	publisher = {Pearson},
	title = {Econometric Analysis},
	url = {https://books.google.fr/books?id=xGZRvgAACAAJ},
	year = {2018},
	bdsk-url-1 = {https://books.google.fr/books?id=xGZRvgAACAAJ}}

@misc{SHARE8,
	langid=english,
	author = {B{\"o}rsch-Supan, Axel},
	date-modified = {2023-05-30 15:16:56 +0200},
	doi = {10.6103/SHARE.w8.800},
	title = {Survey of Health, Ageing and Retirement in Europe (SHARE) Wave 8. Release version: 8.0.0. SHARE-ERIC. Data set.},
	year = {2022},
	bdsk-url-1 = {https://doi.org/10.6103/SHARE.w7.711}}

@article{BORSCHSUPAN2013,
	langid=english,
	author = {B{\"o}rsch-Supan, Axel and Brandt, Martina and Hunkler, Christian and Kneip, Thorsten and Korbmacher, Julie and Malter, Frederic and Schaan, Barbara and Stuck, Stephanie and Zuber, Sabrina},
	doi = {10.1093/ije/dyt088},
	file = {Texte int{\'e}gral:C\:\\Users\\SheldonDr\\Zotero\\storage\\UAFN38KQ\\B{\"o}rsch-Supan et al. - 2013 - Data Resource Profile The Survey of Health, Agein.pdf:application/pdf},
	issn = {1464-3685, 0300-5771},
	journal = {International Journal of Epidemiology},
	language = {en},
	month = aug,
	number = {4},
	pages = {992--1001},
	shorttitle = {Data {Resource} {Profile}},
	title = {Data {Resource} {Profile}: {The} {Survey} of {Health}, {Ageing} and {Retirement} in {Europe} ({SHARE})},
	url = {https://academic.oup.com/ije/article-lookup/doi/10.1093/ije/dyt088},
	urldate = {2022-01-19},
	volume = {42},
	year = {2013},
	bdsk-url-1 = {https://academic.oup.com/ije/article-lookup/doi/10.1093/ije/dyt088},
	bdsk-url-2 = {https://doi.org/10.1093/ije/dyt088}}

@book{BERGMANN2021,
	langid=english,
	author = {Bergmann, Michael and B{\"o}rsch-Supan, Axel},
	date-modified = {2023-05-30 15:11:50 +0200},
	isbn = {978-3-00-069877-4},
	publisher = {Munich: Munich Center for the Economics of Aging (MEA)},
	title = {SHARE Wave 8 Methodology: Collecting Cross-National Survey Data in Times of COVID-19},
	year = {2021}}

@article{BROWN2007,
	langid=english,
	author = {Brown, Edna},
	doi = {10.1080/13607860600963570},
	issn = {1360-7863, 1364-6915},
	journal = {Aging \& Mental Health},
	language = {en},
	month = jul,
	number = {4},
	pages = {405--414},
	shorttitle = {Care recipients' psychological well-being},
	title = {Care recipients' psychological well-being: {The} role of sense of control and caregiver type},
	url = {http://www.tandfonline.com/doi/abs/10.1080/13607860600963570},
	urldate = {2022-02-23},
	volume = {11},
	year = {2007},
	bdsk-url-1 = {http://www.tandfonline.com/doi/abs/10.1080/13607860600963570},
	bdsk-url-2 = {https://doi.org/10.1080/13607860600963570}}

@article{VERBAKEL2016,
	langid=english,
	author = {Verbakel, Ellen and Metzelthin, Silke F. and Kempen, Gertrudis I. J. M.},
	doi = {10.1093/geronb/gbw047},
	file = {Texte int{\'e}gral:C\:\\Users\\SheldonDr\\Zotero\\storage\\JH3B6822\\Verbakel et al. - 2016 - Caregiving to Older Adults Determinants of Inform.pdf:application/pdf},
	issn = {1079-5014, 1758-5368},
	journal = {The Journals of Gerontology Series B: Psychological Sciences and Social Sciences},
	language = {en},
	month = apr,
	pages = {gbw047},
	shorttitle = {Caregiving to {Older} {Adults}},
	title = {Caregiving to {Older} {Adults}: {Determinants} of {Informal} {Caregivers}' {Subjective} {Well}-being and {Formal} and {Informal} {Support} as {Alleviating} {Conditions}},
	url = {https://academic.oup.com/psychsocgerontology/article-lookup/doi/10.1093/geronb/gbw047},
	urldate = {2022-02-23},
	year = {2016},
	bdsk-url-1 = {https://academic.oup.com/psychsocgerontology/article-lookup/doi/10.1093/geronb/gbw047},
	bdsk-url-2 = {https://doi.org/10.1093/geronb/gbw047}}

@article{YANG2003,
	langid=english,
	author = {Yang, Z. and Norton, E. C. and Stearns, S. C.},
	doi = {10.1093/geronb/58.1.S2},
	file = {Texte int{\'e}gral:C\:\\Users\\SheldonDr\\Zotero\\storage\\MADHNBAC\\Yang et al. - 2003 - Longevity and Health Care Expenditures The Real R.pdf:application/pdf},
	issn = {1079-5014, 1758-5368},
	journal = {The Journals of Gerontology Series B: Psychological Sciences and Social Sciences},
	language = {en},
	month = jan,
	number = {1},
	pages = {S2--S10},
	shorttitle = {Longevity and {Health} {Care} {Expenditures}},
	title = {Longevity and {Health} {Care} {Expenditures}: {The} {Real} {Reasons} {Older} {People} {Spend} {More}},
	url = {https://academic.oup.com/psychsocgerontology/article-lookup/doi/10.1093/geronb/58.1.S2},
	urldate = {2022-05-16},
	volume = {58},
	year = {2003},
	bdsk-url-1 = {https://academic.oup.com/psychsocgerontology/article-lookup/doi/10.1093/geronb/58.1.S2},
	bdsk-url-2 = {https://doi.org/10.1093/geronb/58.1.S2}}

@book{COLOMBO2011,
	langid=english,
	address = {Paris},
	author = {Colombo, Francesca and Llena-Nozal, Ana and Mercier, Jerome and Tjadens, Frits},
	date-modified = {2022-06-19 12:07:35 +0200},
	isbn = {978-92-64-09776-6 978-92-64-09777-3},
	language = {French},
	note = {OCLC: 761368864},
	publisher = {OECD Publishing},
	shorttitle = {Besoin d'aide?},
	title = {Besoin d'aide? {La} prestation de services et le financement de la d{\'e}pendance},
	url = {https://doi.org/10.1787/9789264097766-fr},
	urldate = {2022-06-19},
	year = {2011},
	bdsk-url-1 = {https://doi.org/10.1787/9789264097766-fr}}

@phdthesis{DUPUY2016,
	langid=english,
	author = {Dupuy, Lucile},
	date-modified = {2022-06-19 12:03:49 +0200},
	hal_id = {tel-01452662},
	hal_version = {v1},
	keywords = {Aging ; Aging in place ; Gerontechnologies ; Assisted living technologies ; User-centered design ; Usability ; Technology acceptance ; Efficacy ; Vieillissement ; Maintien {\`a} domicile ; Technologie d'assistance ; AAD ; Conception centr{\'e}e-utilisateur ; Utilisabilit{\'e} ; Acceptabilit{\'e} ; Efficacit{\'e} ; AAD},
	number = {2016BORD0422},
	pdf = {https://tel.archives-ouvertes.fr/tel-01452662/file/DUPUY_LUCILE_2016.pdf},
	school = {{Universit{\'e} de Bordeaux}},
	title = {{Conception et validation d'une assistance num{\'e}rique domiciliaire pour la personne {\^a}g{\'e}e en perte d'autonomie}},
	type = {Th{\`e}se},
	url = {https://tel.archives-ouvertes.fr/tel-01452662},
	year = {2016},
	bdsk-url-1 = {https://tel.archives-ouvertes.fr/tel-01452662}}

@article{FONTAINE2010,
	langid=french,
	author = {Fontaine, Rom{\'e}o},
	date-modified = {2022-06-19 12:08:16 +0200},
	doi = {10.3917/rs.058.0031},
	issn = {1167-4687},
	journal = {Retraite et soci{\'e}t{\'e}},
	number = {2},
	pages = {31--61},
	shorttitle = {Aider un parent {\^a}g{\'e} se fait-il au d{\'e}triment de l'emploi ?},
	title = {Aider un parent {\^a}g{\'e} se fait-il au d{\'e}triment de l'emploi ?},
	url = {https://www.cairn.info/revue-retraite-et-societe1-2009-2-page-31.htm?ref=doi},
	urldate = {2022-06-19},
	volume = {n$\,^{\circ}$ 58},
	year = {2010},
	bdsk-url-1 = {https://www.cairn.info/revue-retraite-et-societe1-2009-2-page-31.htm?ref=doi},
	bdsk-url-2 = {https://doi.org/10.3917/rs.058.0031}}

@article{GRANT2002,
	langid=english,
	author = {Grant, Igor and Adler, Karen A. and Patterson, Thomas L. and Dimsdale, Joel E. and Ziegler, Michael G. and Irwin, Michael R.},
	date-modified = {2022-06-19 12:05:09 +0200},
	doi = {10.1097/00006842-200205000-00012},
	issn = {0033-3174},
	journal = {Psychosomatic Medicine},
	language = {en},
	month = may,
	number = {3},
	pages = {477--486},
	shorttitle = {Health {Consequences} of {Alzheimer}'s {Caregiving} {Transitions}},
	title = {Health {Consequences} of {Alzheimer}'s {Caregiving} {Transitions}: {Effects} of {Placement} and {Bereavement}},
	url = {http://journals.lww.com/00006842-200205000-00012},
	urldate = {2022-06-19},
	volume = {64},
	year = {2002},
	bdsk-url-1 = {http://journals.lww.com/00006842-200205000-00012},
	bdsk-url-2 = {https://doi.org/10.1097/00006842-200205000-00012}}

@article{HAN2014,
	langid=english,
	author = {Han, Eun Sook and Lee, Yunhwan and Kim, Jinhee},
	doi = {10.1017/S1041610213001841},
	issn = {1041-6102, 1741-203X},
	journal = {International Psychogeriatrics},
	language = {en},
	month = jan,
	number = {1},
	pages = {155--163},
	title = {Association of cognitive impairment with frailty in community-dwelling older adults},
	url = {https://www.cambridge.org/core/product/identifier/S1041610213001841/type/journal_article},
	urldate = {2022-06-19},
	volume = {26},
	year = {2014},
	bdsk-url-1 = {https://www.cambridge.org/core/product/identifier/S1041610213001841/type/journal_article},
	bdsk-url-2 = {https://doi.org/10.1017/S1041610213001841}}

@article{LEIGH2010,
	langid=english,
	author = {Leigh, Andrew},
	doi = {10.1016/j.labeco.2009.11.005},
	issn = {09275371},
	journal = {Labour Economics},
	language = {en},
	month = jan,
	number = {1},
	pages = {140--149},
	title = {Informal care and labor market participation},
	url = {https://linkinghub.elsevier.com/retrieve/pii/S0927537109001304},
	urldate = {2022-06-19},
	volume = {17},
	year = {2010},
	bdsk-url-1 = {https://linkinghub.elsevier.com/retrieve/pii/S0927537109001304},
	bdsk-url-2 = {https://doi.org/10.1016/j.labeco.2009.11.005}}

@article{MAJEROVITZ1995,
	langid=english,
	author = {Majerovitz, S. Deborah},
	doi = {10.1037/0882-7974.10.3.447},
	issn = {1939-1498, 0882-7974},
	journal = {Psychology and Aging},
	language = {en},
	number = {3},
	pages = {447--457},
	title = {Role of family adaptability in the psychological adjustment of spouse caregivers to patients with dementia.},
	url = {http://doi.apa.org/getdoi.cfm?doi=10.1037/0882-7974.10.3.447},
	urldate = {2022-06-19},
	volume = {10},
	year = {1995},
	bdsk-url-1 = {http://doi.apa.org/getdoi.cfm?doi=10.1037/0882-7974.10.3.447},
	bdsk-url-2 = {https://doi.org/10.1037/0882-7974.10.3.447}}

@article{MARTIN2009,
	langid=english,
	author = {Martin, L. G. and Freedman, V. A. and Schoeni, R. F. and Andreski, P. M.},
	doi = {10.1093/geronb/gbn040},
	issn = {1079-5014, 1758-5368},
	journal = {The Journals of Gerontology Series B: Psychological Sciences and Social Sciences},
	language = {en},
	month = may,
	number = {3},
	pages = {369--377},
	title = {Health and {Functioning} {Among} {Baby} {Boomers} {Approaching} 60},
	url = {https://academic.oup.com/psychsocgerontology/article-lookup/doi/10.1093/geronb/gbn040},
	urldate = {2022-06-19},
	volume = {64B},
	year = {2009},
	bdsk-url-1 = {https://academic.oup.com/psychsocgerontology/article-lookup/doi/10.1093/geronb/gbn040},
	bdsk-url-2 = {https://doi.org/10.1093/geronb/gbn040}}

@article{MAUSBACH2007,
	langid=english,
	author = {Mausbach, Brent T. and Patterson, Thomas L. and Rabinowitz, Yaron G. and Grant, Igor and Schulz, Richard},
	doi = {10.1037/0278-6133.26.5.539},
	issn = {1930-7810, 0278-6133},
	journal = {Health Psychology},
	language = {en},
	month = sep,
	number = {5},
	pages = {539--544},
	title = {Depression and distress predict time to cardiovascular disease in dementia caregivers.},
	url = {http://doi.apa.org/getdoi.cfm?doi=10.1037/0278-6133.26.5.539},
	urldate = {2022-06-19},
	volume = {26},
	year = {2007},
	bdsk-url-1 = {http://doi.apa.org/getdoi.cfm?doi=10.1037/0278-6133.26.5.539},
	bdsk-url-2 = {https://doi.org/10.1037/0278-6133.26.5.539}}

@article{MOISY2018,
	langid=french,
	author = {Moisy, M},
	date-modified = {2022-06-19 11:32:00 +0200},
	issn = {1292-6876, 1146-9129},
	journal = {Etudes et r{\'e}sultats, DREES},
	language = {fr},
	number = {1046},
	title = {Les Fran{\c c}ais vivent plus longtemps, mais leur esp{\'e}rance de vie en bonne sant{\'e} reste stable.},
	year = {2018}}

@article{REYNOLDS2010,
	langid=french,
	author = {Reynolds, Sandra L. and Crimmins, Eileen M.},
	doi = {10.3917/rs.059.0061},
	issn = {1167-4687},
	journal = {Retraite et soci{\'e}t{\'e}},
	month = sep,
	number = {3},
	pages = {61--76},
	shorttitle = {Tendances de l'incapacit{\'e} dans les activit{\'e}s de la vie quotidienne},
	title = {Tendances de l'incapacit{\'e} dans les activit{\'e}s de la vie quotidienne: {\'E}tude chez les {Am{\'e}ricains} de 50 {\`a} 69 ans (1997-2006)},
	url = {https://www.cairn.info/revue-retraite-et-societe1-2009-3-page-61.htm?ref=doi},
	urldate = {2022-06-19},
	volume = {n$\,^{\circ}$ 59},
	year = {2010},
	bdsk-url-1 = {https://www.cairn.info/revue-retraite-et-societe1-2009-3-page-61.htm?ref=doi},
	bdsk-url-2 = {https://doi.org/10.3917/rs.059.0061}}

@article{ROBINE2017,
	langid=french,
	author = {Robine, JM. and Cambois, E.},
	date-modified = {2022-06-19 12:09:11 +0200},
	journal = {Bulletin Epid{\'e}miologique Hebdomadaire},
	language = {fr},
	number = {16-17},
	pages = {294--300},
	title = {Estimation de l'esp{\'e}rance de vie sans incapacit{\'e} en France en 2015 et {\'e}volution depuis 2004 : impact de la diminution de l'esp{\'e}rance de vie en 2015.},
	year = {2017}}

@article{SEEMAN2010,
	langid=english,
	author = {Seeman, Teresa E. and Merkin, Sharon S. and Crimmins, Eileen M. and Karlamangla, Arun S.},
	doi = {10.2105/AJPH.2008.157388},
	issn = {0090-0036, 1541-0048},
	journal = {American Journal of Public Health},
	language = {en},
	month = jan,
	number = {1},
	pages = {100--107},
	shorttitle = {Disability {Trends} {Among} {Older} {Americans}},
	title = {Disability {Trends} {Among} {Older} {Americans}: {National} {Health} and {Nutrition} {Examination} {Surveys}, 1988--1994 and 1999--2004},
	url = {https://ajph.aphapublications.org/doi/full/10.2105/AJPH.2008.157388},
	urldate = {2022-06-19},
	volume = {100},
	year = {2010},
	bdsk-url-1 = {https://ajph.aphapublications.org/doi/full/10.2105/AJPH.2008.157388},
	bdsk-url-2 = {https://doi.org/10.2105/AJPH.2008.157388}}

@article{SHIMADA2013,
	langid=english,
	author = {Shimada, Hiroyuki and Makizako, Hyuma and Doi, Takehiko and Yoshida, Daisuke and Tsutsumimoto, Kota and Anan, Yuya and Uemura, Kazuki and Ito, Tadashi and Lee, Sangyoon and Park, Hyuntae and Suzuki, Takao},
	doi = {10.1016/j.jamda.2013.03.010},
	issn = {15258610},
	journal = {Journal of the American Medical Directors Association},
	language = {en},
	month = jul,
	number = {7},
	pages = {518--524},
	title = {Combined {Prevalence} of {Frailty} and {Mild} {Cognitive} {Impairment} in a {Population} of {Elderly} {Japanese} {People}},
	url = {https://linkinghub.elsevier.com/retrieve/pii/S1525861013001412},
	urldate = {2022-06-19},
	volume = {14},
	year = {2013},
	bdsk-url-1 = {https://linkinghub.elsevier.com/retrieve/pii/S1525861013001412},
	bdsk-url-2 = {https://doi.org/10.1016/j.jamda.2013.03.010}}

@article{SOULLIER2011,
	langid=french,
	author = {Soullier N., Weber A.},
	journal = {Etudes et r{\'e}sultats, DREES},
	language = {fr},
	number = {771},
	title = {L'implication de l'entourage et des professionnels aupr{\`e}s des personnes {\^a}g{\'e}es {\`a} domicile.},
	year = {2011}}

@article{VANHOUTVEN2013,
	langid=english,
	author = {Van Houtven, Courtney Harold and Coe, Norma B. and Skira, Meghan M.},
	doi = {10.1016/j.jhealeco.2012.10.006},
	issn = {01676296},
	journal = {Journal of Health Economics},
	language = {en},
	month = jan,
	number = {1},
	pages = {240--252},
	title = {The effect of informal care on work and wages},
	url = {https://linkinghub.elsevier.com/retrieve/pii/S0167629612001671},
	urldate = {2022-06-19},
	volume = {32},
	year = {2013},
	bdsk-url-1 = {https://linkinghub.elsevier.com/retrieve/pii/S0167629612001671},
	bdsk-url-2 = {https://doi.org/10.1016/j.jhealeco.2012.10.006}}

@article{FILIPPINI2018,
	langid=english,
	author = {Filippini, Massimo and Greene, William H. and Kumar, Nilkanth and Martinez-Cruz, Adan L.},
	doi = {10.1016/j.econlet.2018.03.018},
	file = {Texte int{\'e}gral:C\:\\Users\\SheldonDr\\Zotero\\storage\\42U87RGU\\Filippini et al. - 2018 - A note on the different interpretation of the corr.pdf:application/pdf},
	issn = {01651765},
	journal = {Economics Letters},
	language = {en},
	month = jun,
	pages = {104--107},
	title = {A note on the different interpretation of the correlation parameters in the {Bivariate} {Probit} and the {Recursive} {Bivariate} {Probit}},
	url = {https://linkinghub.elsevier.com/retrieve/pii/S0165176518301095},
	urldate = {2022-06-19},
	volume = {167},
	year = {2018},
	bdsk-url-1 = {https://linkinghub.elsevier.com/retrieve/pii/S0165176518301095},
	bdsk-url-2 = {https://doi.org/10.1016/j.econlet.2018.03.018}}

@article{PRINCE1999b,
	langid=english,
	author = {Prince, M. J. and Reischies, F. and Beekman, A. T. F. and Fuhrer, R. and Jonker, C. and Kivela, S. -L. and Lawlor, B. A. and Lobo, A. and Magnusson, H. and Fichter, M. and Van Oyen, H. and Roelands, M. and Skoog, I. and Turrina, C. and Copeland, J. R. M.},
	date-modified = {2023-05-30 15:19:56 +0200},
	doi = {10.1192/bjp.174.4.330},
	issn = {0007-1250, 1472-1465},
	journal = {British Journal of Psychiatry},
	language = {en},
	month = apr,
	number = {4},
	pages = {330--338},
	title = {Development of the {EURO}--{D} scale -- a {European} {Union} initiative to compare symptoms of depression in 14 {European} centres},
	url = {https://www.cambridge.org/core/product/identifier/S000712500015264X/type/journal_article},
	urldate = {2022-11-03},
	volume = {174},
	year = {1999},
	bdsk-url-1 = {https://www.cambridge.org/core/product/identifier/S000712500015264X/type/journal_article},
	bdsk-url-2 = {https://doi.org/10.1192/bjp.174.4.330}}
