
% Created 2024-09-13 13:27:14 by https://text2bib.org. Algorithm version 2024-09-07 02:52:13.

%  Ajzen, I. [1991], “The Theory of Planned Behavior”, Organizational Behavior and Human Decision Processes, 50(2), p. 179–211. 
@article{Ajzen1991,
  author = {Ajzen, I.},
  year = {1991},
  title = {The Theory of Planned Behavior},
  journal = {Organizational Behavior and Human Decision Processes},
  volume = {50},
  number = {2},
  pages = {179-211},
}

% Ajzen, I., Brown, T. C. et Carvajal, F. [2004], “Explaining the Discrepancy between Intentions and Actions: The Case of Hypothetical Bias in Contingent Valuation”, Personality and Social Psychology Bulletin, 30(9), p. 1108–1121. 
@article{abc04,
  author = {Ajzen, I. and Brown, T. C. and Carvajal, F.},
  year = {2004},
  title = {Explaining the Discrepancy between Intentions and Actions: The Case of Hypothetical Bias in Contingent Valuation},
  journal = {Personality and Social Psychology Bulletin},
  volume = {30},
  number = {9},
  pages = {1108-1121},
}

% Araujo, F., Carbone, E., Conell-Price, L., Dunietz, M., Jaroszewicz, A., Landsman, R., Lamé, D., Vesterlund, L., Wang, S. et Wilson, A. [2016], “The Slider Task: An Example of Restricted Inference on Incentive Effects”, Journal of the Economic Science Association, 2(1), p. 1–12. 
@article{Araujo_etal2016,
  author = {Araujo, F. and Carbone, E. and Conell-Price, L. and Dunietz, M. and Jaroszewicz, A. and Landsman, R. and Lamé, D. and Vesterlund, L. and Wang, S. and Wilson, A.},
  year = {2016},
  title = {The Slider Task: An Example of Restricted Inference on Incentive Effects},
  journal = {Journal of the Economic Science Association},
  volume = {2},
  number = {1},
  pages = {1-12},
}

% Ariely, D. et Wertenbroch, K. [2002], “Procrastination, Deadlines, and Performance: Self-Control by Precommitment”, Psychological Science, 13(3), p. 219–224. 
@article{ArielyWertenbroch2002,
  author = {Ariely, D. and Wertenbroch, K.},
  year = {2002},
  title = {Procrastination, Deadlines, and Performance: Self-Control by Precommitment},
  journal = {Psychological Science},
  volume = {13},
  number = {3},
  pages = {219-224},
}

% Arrow, K. J. [1963], “Uncertainty and the Welfare Economics of Medical Care”, The American Economic Review, 53(5), p. 941–973. 
@article{Arrow1963,
  author = {Arrow, K. J.},
  year = {1963},
  title = {Uncertainty and the Welfare Economics of Medical Care},
  journal = {The American Economic Review},
  volume = {53},
  number = {5},
  pages = {941-973},
}

% Arrow, K. J. [1968], “The Economics of Moral Hazard: Further Comment”, The American Economic Review, 58(3), p. 537–539. 
@article{Arrow1968,
  author = {Arrow, K. J.},
  year = {1968},
  title = {The Economics of Moral Hazard: Further Comment},
  journal = {The American Economic Review},
  volume = {58},
  number = {3},
  pages = {537-539},
}

% Bajtelsmit, V., Coats, J. et Thistle, P. [2015], “The Effect of Ambiguity on Risk Management Choices: An Experimental Study”, Journal of Risk and Uncertainty, 50(3), p. 249–280. 
@article{bct15,
  author = {Bajtelsmit, V. and Coats, J. and Thistle, P.},
  year = {2015},
  title = {The Effect of Ambiguity on Risk Management Choices: An Experimental Study},
  journal = {Journal of Risk and Uncertainty},
  volume = {50},
  number = {3},
  pages = {249-280},
}

% Briys, E. et Schlesinger, H. [1990], “Risk Aversion and the Propensities for Self-Insurance and Self-Protection”, Southern Economic Journal, 57, p. 458–467. 
@article{bs90,
  author = {Briys, E. and Schlesinger, H.},
  year = {1990},
  title = {Risk Aversion and the Propensities for Self-Insurance and Self-Protection},
  journal = {Southern Economic Journal},
  volume = {57},
  pages = {458-467},
}

% Buchmueller, T., Couffinhal, A., Grignon, M. et Perronnin, M. [2004], “Access to Physician Services: Does Supplemental Insurance Matter? Evidence from France”, Health Economics, 13(7), p. 669–687. 
@article{bcgp04,
  author = {Buchmueller, T. and Couffinhal, A. and Grignon, M. and Perronnin, M.},
  year = {2004},
  title = {Access to Physician Services: Does Supplemental Insurance Matter? Evidence from France},
  journal = {Health Economics},
  volume = {13},
  number = {7},
  pages = {669-687},
}

% Buchmueller, T., Fiebig, D., Jones, G. et Savage, E. [2013], “Preference Heterogeneity and Selection in Private Health Insurance: The Case of Australia”, Journal of Health Economics, 32(5), p. 757–767. 
@article{bfjs13,
  author = {Buchmueller, T. and Fiebig, D. and Jones, G. and Savage, E.},
  year = {2013},
  title = {Preference Heterogeneity and Selection in Private Health Insurance: The Case of Australia},
  journal = {Journal of Health Economics},
  volume = {32},
  number = {5},
  pages = {757-767},
}

% Cabral, M. et Cullen, M. R. [2017], “The Effect of Insurance Coverage on Preventive Care”, Economic Inquiry, 55(3), p. 1452–1467. 
@article{cc17,
  author = {Cabral, M. and Cullen, M. R.},
  year = {2017},
  title = {The Effect of Insurance Coverage on Preventive Care},
  journal = {Economic Inquiry},
  volume = {55},
  number = {3},
  pages = {1452-1467},
}

% Cameron, A. C. et Trivedi, P. K. [2005], Microeconometrics: Methods and Applications, Cambridge (Mass.), Cambridge University Press. 
@book{ct05,
  author = {Cameron, A. C. and Trivedi, P. K.},
  year = {2005},
  title = {Microeconometrics: Methods and Applications},
  publisher = {Cambridge University Press},
  address = {Cambridge (Mass.)},
}

% Cardon, J. H. et Hendel, I. [2001], “Asymmetric Information in Health Insurance: Evidence from the National Medical Expenditure Survey”, The RAND Journal of Economics, 32(3), p. 408–427. 
@article{ch01,
  author = {Cardon, J. H. and Hendel, I.},
  year = {2001},
  title = {Asymmetric Information in Health Insurance: Evidence from the National Medical Expenditure Survey},
  journal = {The RAND Journal of Economics},
  volume = {32},
  number = {3},
  pages = {408-427},
}

% Carpenter, J., Liati, A. et Vickery, B. [2010], “They Come to Play : Supply Effects in an Economic Experiment”, Rationality and Society, 22(1), p. 83–102. 
@article{clv10,
  author = {Carpenter, J. and Liati, A. and Vickery, B.},
  year = {2010},
  title = {They Come to Play: Supply Effects in an Economic Experiment},
  journal = {Rationality and Society},
  volume = {22},
  number = {1},
  pages = {83-102},
}

% Charness, G., Garcia, T., Offerman, T. et Villeval, M. C. [2020], “Do Measures of Risk Attitude in the Laboratory Predict Behavior under Risk in and Outside of the Laboratory?”, Journal of Risk and Uncertainty, 60(2), p. 99–123. 
@article{cgov20,
  author = {Charness, G. and Garcia, T. and Offerman, T. and Villeval, M. C.},
  year = {2020},
  title = {Do Measures of Risk Attitude in the Laboratory Predict Behavior under Risk in and Outside of the Laboratory?},
  journal = {Journal of Risk and Uncertainty},
  volume = {60},
  number = {2},
  pages = {99-123},
}

% Charness, G., Gneezy, U. et Halladay, B. [2016], “Experimental Methods: Pay One or Pay All”, Journal of Economic Behavior & Organization, 131, p. 141–150. 
@article{cgh16,
  author = {Charness, G. and Gneezy, U. and Halladay, B.},
  year = {2016},
  title = {Experimental Methods: Pay One or Pay All},
  journal = {Journal of Economic Behavior \& Organization},
  volume = {131},
  pages = {141-150},
}

% Charness, G., Gneezy, U. et Henderson, A. [2018], “Experimental Methods: Measuring Effort in Economics Experiments”, Journal of Economic Behavior & Organization, 149, p. 74–87. 
@article{cgh18,
  author = {Charness, G. and Gneezy, U. and Henderson, A.},
  year = {2018},
  title = {Experimental Methods: Measuring Effort in Economics Experiments},
  journal = {Journal of Economic Behavior \& Organization},
  volume = {149},
  pages = {74-87},
}

% Charness, G., Gneezy, U. et Imas, A. [2013], “Experimental Methods: Eliciting Risk Preferences”, Journal of Economic Behavior & Organization, 87(C), p. 43–51. 
@article{cgi13,
  author = {Charness, G. and Gneezy, U. and Imas, A.},
  year = {2013},
  title = {Experimental Methods: Eliciting Risk Preferences},
  journal = {Journal of Economic Behavior \& Organization},
  pages = {43-51},
  volume = {87(C)},
}

% Chiappori, P.-A., Jullien, B., Salanié, B. et Salanié, F. [2006], “Asymmetric Information in Insurance: General Testable Implications”, The RAND Journal of Economics, 37(4), p. 783–798. 
@article{cjss06,
  author = {Chiappori, P.-A. and Jullien, B. and Salanié, B. and Salanié, F.},
  year = {2006},
  title = {Asymmetric Information in Insurance: General Testable Implications},
  journal = {The RAND Journal of Economics},
  volume = {37},
  number = {4},
  pages = {783-798},
}

% Chiappori, P.-A. et Salanié, B. [2000], “Testing for Asymmetric Information in Insurance Markets”, Journal of Political Economy, 108(1), p. 56–78. 
@article{cs00,
  author = {Chiappori, P.-A. and Salanié, B.},
  year = {2000},
  title = {Testing for Asymmetric Information in Insurance Markets},
  journal = {Journal of Political Economy},
  volume = {108},
  number = {1},
  pages = {56-78},
}

% Cohen, A. [2005], “Asymmetric Information and Learning: Evidence from the Automobile Insurance Market”, The Review of Economics and Statistics, 87(2), p. 197–207. 
@article{c05,
  author = {Cohen, A.},
  year = {2005},
  title = {Asymmetric Information and Learning: Evidence from the Automobile Insurance Market},
  journal = {The Review of Economics and Statistics},
  volume = {87},
  number = {2},
  pages = {197-207},
}

% Corcos, A., Pannequin, F. et Montmarquette, C. [2017], “Leaving the Market or Reducing the Coverage? A Model-Based Experimental Analysis of the Demand for insurance”, Experimental Economics, 20(4), p. 836–859. 
@article{cpm17,
  author = {Corcos, A. and Pannequin, F. and Montmarquette, C.},
  year = {2017},
  title = {Leaving the Market or Reducing the Coverage? A Model-Based Experimental Analysis of the Demand for insurance},
  journal = {Experimental Economics},
  volume = {20},
  number = {4},
  pages = {836-859},
}

% Corcos, A., Pannequin, F. et Montmarquette, C. [2019], “Holt and Laury Measures and Insurance Decisions: A Same Risk Attitude? A Lab Experiment”, Revue économique, 70(6), p. 1095–1114. 
@article{cpm19,
  author = {Corcos, A. and Pannequin, F. and Montmarquette, C.},
  year = {2019},
  title = {Holt and Laury Measures and Insurance Decisions: A Same Risk Attitude? A Lab Experiment},
  journal = {Revue économique},
  volume = {70},
  number = {6},
  pages = {1095-1114},
}

% Courbage, C. et de Coulon, A. [2004], “Prevention and Private Health Insurance in the UK”, The Geneva Papers on Risk and Insurance - Issues and Practice, 29(4), p. 719–727. 
@article{cd04,
  author = {Courbage, C. and de Coulon, A.},
  year = {2004},
  title = {Prevention and Private Health Insurance in the UK},
  journal = {The Geneva Papers on Risk and Insurance},
  pages = {719-727},
  volume = {29},
  number = {4},
}

% Cutler, D. M. et Lleras-Muney, A. [2010], “Understanding Differences in Health Behaviors by Education”, Journal of Health Economics, 29(1), p. 1–28. 
@article{cl10,
  author = {Cutler, D. M. and Lleras-Muney, A.},
  year = {2010},
  title = {Understanding Differences in Health Behaviors by Education},
  journal = {Journal of Health Economics},
  volume = {29},
  number = {1},
  pages = {1-28},
}

% De Donder, P. et Hindriks, J. [2009], “Adverse Selection, Moral Hazard and Propitious Selection”, Journal of Risk and Uncertainty, 38(1), p. 73–86. 
@article{dh09,
  author = {De Donder, P. and Hindriks, J.},
  year = {2009},
  title = {Adverse Selection, Moral Hazard and Propitious Selection},
  journal = {Journal of Risk and Uncertainty},
  volume = {38},
  number = {1},
  pages = {73-86},
}

% de Meza, D. et Webb, D. C. [2001], “Advantageous Selection in Insurance Markets”, RAND Journal of Economics, 32(2), p. 249–262. 
@article{dw01,
  author = {de Meza, D. and Webb, D. C.},
  year = {2001},
  title = {Advantageous Selection in Insurance Markets},
  journal = {RAND Journal of Economics},
  volume = {32},
  number = {2},
  pages = {249-262},
}

% Dionne, G. et Eeckhoudt, L. [1985], “Self-Insurance, Self-Protection and Increased Risk Aversion”, Economics Letters, 17(1), p. 39–42. 
@article{de85,
  author = {Dionne, G. and Eeckhoudt, L.},
  year = {1985},
  title = {Self-Insurance, Self-Protection and Increased Risk Aversion},
  journal = {Economics Letters},
  volume = {17},
  number = {1},
  pages = {39-42},
}

% Ehrlich, I. et Becker, G. [1972], “Market Insurance, Self-Insurance, and Self-Protection”, Journal of Political Economy, 80(4), p. 623–648. 
@article{eb72,
  author = {Ehrlich, I. and Becker, G.},
  year = {1972},
  title = {Market Insurance, Self-Insurance, and Self-Protection},
  journal = {Journal of Political Economy},
  volume = {80},
  number = {4},
  pages = {623-648},
}

% Fang, H., Keane, M. P. et Silverman, D. [2008], “Sources of Advantageous Selection: Evidence from the Medigap Insurance Market”, Journal of Political Economy, 116(2), p. 303–350. 
@article{fks08,
  author = {Fang, H. and Keane, M. P. and Silverman, D.},
  year = {2008},
  title = {Sources of Advantageous Selection: Evidence from the Medigap Insurance Market},
  journal = {Journal of Political Economy},
  volume = {116},
  number = {2},
  pages = {303-350},
}

% Finkelstein, A. et McGarry, K. [2006], “Multiple Dimensions of Private Information: Evidence from the Long-Term Care Insurance Market”, The American Economic Review, 96(4), p. 938–958. 
@article{fm06,
  author = {Finkelstein, A. and McGarry, K.},
  year = {2006},
  title = {Multiple Dimensions of Private Information: Evidence from the Long-Term Care Insurance Market},
  journal = {The American Economic Review},
  volume = {96},
  number = {4},
  pages = {938-958},
}

% Fischbacher, U., Bendrick, K. et Schmid, S. [2021], z-tree: Tutorial and Reference Manual, Technical report, University of Zurich, Departement of Economics, Thurgau Institute of Economics at the University of Konstanz.
@book{fbs21,
  author = {Fischbacher, U. and Bendrick, K. and Schmid, S.},
  year = {2005},
  title = {z-tree 5.1: Tutorial and Reference Manual},
  year = {2021},
  publisher = {University of Zurich, Departement of Economics, Thurgau Institute of Economics at the University of Konstanz},
  address = {},
}

% Fletcher, J. M. et Frisvold, D. E. [2009], “Higher Education and Health Investments: Does More Schooling Affect Preventive Health Care Use?”, Journal of Human Capital, 3(2), p. 144–176. 
@article{ff09,
  author = {Fletcher, J. M. and Frisvold, D. E.},
  year = {2009},
  title = {Higher Education and Health Investments: Does More Schooling Affect Preventive Health Care Use?},
  journal = {Journal of Human Capital},
  volume = {3},
  number = {2},
  pages = {144-176},
}

% France Assureurs [2022], L’assurance française: Données clés 2022, Paris, France Assureurs. 
@book{fa22,
  author = {{France Assureurs}},
  year = {2022},
  title = {L'assurance française: Données clés 2022},
  publisher = {France Assureurs},
  address = {Paris},
}

% Gill, D. et Prowse, V. [2019], “Measuring Costly Effort Using the Slider Task”, Journal of Behavioral and Experimental Finance, 21, p. 1–9. 
@article{gp19,
  author = {Gill, D. and Prowse, V.},
  year = {2019},
  title = {Measuring Costly Effort Using the Slider Task},
  journal = {Journal of Behavioral and Experimental Finance},
  volume = {21},
  pages = {1-9},
}

% Greene, W. H. [2011], Econometric Analysis, Pearson, New York University. 
@book{g11,
  author = {Greene, W. H.},
  year = {2011},
  title = {Econometric Analysis, Pearson},
  publisher = {Pearson},
  address = {New York},
}

% Harrison, G. et Rutström, E. [2008], “Risk Aversion in the Laboratory”, in Cox, J.C. et Harrison, G.W. (ed.), Research in Experimental Economics. Vol. 12: Risk Aversion in the Laboratory, Leeds, Emerald Group Publishing Limited, p. 41–196. 
@incollection{hr08,
  author = {Harrison, G. and Rutström, E.},
  year = {2008},
  title = {Risk Aversion in the Laboratory},
  pages = {41-196},
  editor = {Cox, J. C. and Harrison, G. W.},
  address = {Leeds},
  publisher = {Emerald Group Publishing Limited},
  booktitle = {Research in Experimental Economics. Vol. 12},
}

% Hemenway, D. [1990], “Propitious Selection”, The Quarterly Journal of Economics, 105(4), p. 1063–1069. 
@article{h90,
  author = {Hemenway, D.},
  year = {1990},
  title = {Propitious Selection},
  journal = {The Quarterly Journal of Economics},
  volume = {105},
  number = {4},
  pages = {1063-1069},
}

% Hemenway, D. [1992], “Propitious Selection in Insurance”, Journal of Risk and Uncertainty, 5(3), p. 247–251. 
@article{h92,
  author = {Hemenway, D.},
  year = {1992},
  title = {Propitious Selection in Insurance},
  journal = {Journal of Risk and Uncertainty},
  volume = {5},
  number = {3},
  pages = {247-251},
}

% Hendel, I. et Lizzeri, A. [2003], “The Role of Commitment in Dynamic Contracts: Evidence from Life Insurance”, The Quarterly Journal of Economics, 118(1), p. 299–327. 
@article{hl03,
  author = {Hendel, I. and Lizzeri, A.},
  year = {2003},
  title = {The Role of Commitment in Dynamic Contracts: Evidence from Life Insurance},
  journal = {The Quarterly Journal of Economics},
  volume = {118},
  number = {1},
  pages = {299-327},
}

% Hensher, D. A., Rose, J. M. et Greene, W. H. [2015], Applied Choice Analysis, Cambridge (Mass.), Cambridge University Press. 
@book{hrg15,
  author = {Hensher, D. A. and Rose, J. M. and Greene, W. H.},
  year = {2015},
  title = {Applied Choice Analysis},
  publisher = {Cambridge University Press},
  address = {Cambridge (Mass.)},
}

% Holt, C. A. et Laury, S. K. [2002], “Risk Aversion and Incentive Effects”, The American Economic Review, 92(5), p. 1644–1655. 
@article{hl02,
  author = {Holt, C. A. and Laury, S. K.},
  year = {2002},
  title = {Risk Aversion and Incentive Effects},
  journal = {The American Economic Review},
  volume = {92},
  number = {5},
  pages = {1644-1655},
}

% Hoy, M. et Robson, A. J. [1981], “Insurance as a Giffen Good”, Economics Letters, 8(1), p. 47–51. 
@article{hr81,
  author = {Hoy, M. and Robson, A. J.},
  year = {1981},
  title = {Insurance as a Giffen Good},
  journal = {Economics Letters},
  volume = {8},
  number = {1},
  pages = {47-51},
}

% Jang, Y.-S. et Hadar, J. [1995], “A Note on Increased Probability of Loss and the Demand for Insurance”, The Geneva Papers on Risk and Insurance Theory, 20(2), p. 213–216. 
@article{jh95,
  author = {Jang, Y.-S. and Hadar, J.},
  year = {1995},
  title = {A Note on Increased Probability of Loss and the Demand for Insurance},
  journal = {The Geneva Papers on Risk and Insurance Theory},
  volume = {20},
  number = {2},
  pages = {213-216},
}

% Jaspersen, J. G. [2016], “Hypothetical Surveys and Experimental Studies of Insurance Demand: A Review”, Journal of Risk and Insurance, 83(1), p. 217–255. 
@article{j16,
  author = {Jaspersen, J. G.},
  year = {2016},
  title = {Hypothetical Surveys and Experimental Studies of Insurance Demand: A Review},
  journal = {Journal of Risk and Insurance},
  volume = {83},
  number = {1},
  pages = {217-255},
}

% Kenkel, D. S. [1994], “The Demand for Preventive Medical Care”, Applied Economics, 26(4), p. 313–325. 
@article{k94,
  author = {Kenkel, D. S.},
  year = {1994},
  title = {The Demand for Preventive Medical Care},
  journal = {Applied Economics},
  volume = {26},
  number = {4},
  pages = {313-325},
}

% Laury, S., McInnes, M. et Swarthout, J. [2009], “Insurance Decisions for Low-Probability Losses”, Journal of Risk and Uncertainty, 39(1), p. 17–44. 
@article{lms09,
  author = {Laury, S. K. and McInnes, M. and Swarthout, J.},
  year = {2009},
  title = {Insurance Decisions for Low-Probability Losses},
  journal = {Journal of Risk and Uncertainty},
  volume = {39},
  number = {1},
  pages = {17-44},
}

% Mark, T. L. et Swait, J. [2004], “Using Stated Preference and Revealed Preference Modeling to Evaluate Prescribing Decisions”, Health Economics, 13(6), p. 563–573. 
@article{ms04,
  author = {Mark, T. L. and Swait, J.},
  year = {2004},
  title = {Using Stated Preference and Revealed Preference Modeling to Evaluate Prescribing Decisions},
  journal = {Health Economics},
  volume = {13},
  number = {6},
  pages = {563-573},
}

% Mol, J. M., Botzen, W. et Blasch, J. E. [ 2020], “Risk Reduction in Compulsory Disaster Insurance: Experimental Evidence on Moral Hazard and Financial Incentives”, Journal of Behavioral and Experimental Economics, 84(C), 101500. 
@article{mbb20,
  author = {Mol, J. M. and Botzen, W. and Blasch, J. E.},
  year = {2020},
  title = {Risk Reduction in Compulsory Disaster Insurance: Experimental Evidence on Moral Hazard and Financial Incentives},
  journal = {Journal of Behavioral and Experimental Economics},
  volume = {84(C), 101500},
}

% Mossin, J. [1968], “Aspects of Rational Insurance Purchasing”, Journal of Political Economy, 76(4), p. 553–568. 
@article{m68,
  author = {Mossin, J.},
  year = {1968},
  title = {Aspects of Rational Insurance Purchasing},
  journal = {Journal of Political Economy},
  volume = {76},
  number = {4},
  pages = {553-568},
}

% Outreville, J. F. [2014], “Risk Aversion, Risk Behavior, and Demand for Insurance: A Survey”, Journal of Insurance Issues, 37(2), p. 158–186. 
@article{o14,
  author = {Outreville, J. F.},
  year = {2014},
  title = {Risk Aversion, Risk Behavior, and Demand for Insurance: A Survey},
  journal = {Journal of Insurance Issues},
  volume = {37},
  number = {2},
  pages = {158-186},
}

% Özdemir, S., Johnson, F. R. et Hauber, A. B. [2009], “Hypothetical Bias, Cheap Talk, and Stated Willingness to Pay for Health Care”, Journal of Health Economics, 28(4), p. 894–901. 
@article{öjh09,
  author = {Özdemir, S. and Johnson, F. R. and Hauber, A. B.},
  year = {2009},
  title = {Hypothetical Bias, Cheap Talk, and Stated Willingness to Pay for Health Care},
  journal = {Journal of Health Economics},
  volume = {28},
  number = {4},
  pages = {894-901},
}

% Pannequin, F., Corcos, A. et Montmarquette, C. [2020], “Are Insurance and Self- Insurance Substitutes? An Experimental Approach”, Journal of Economic Behavior & Organization, 180, p. 797–811. 
@article{pcm20,
  author = {Pannequin, F. and Corcos, A. and Montmarquette, C.},
  year = {2020},
  title = {Are Insurance and Self- Insurance Substitutes? An Experimental Approach},
  journal = {Journal of Economic Behavior \& Organization},
  volume = {180},
  pages = {797-811},
}

% Pauly, M. V. [1968], “The Economics of Moral Hazard: Comment”, The American Economic Review, 58(3), p. 531–537. 
@article{p68,
  author = {Pauly, M. V.},
  year = {1968},
  title = {The Economics of Moral Hazard: Comment},
  journal = {The American Economic Review},
  volume = {58},
  number = {3},
  pages = {531-537},
}

% Plantier, M. [2022], “Le choix en assurance affecte-t-il les comportements préventifs des assurés ? Une étude expérimentale”, Revue économique, 73(5), p. 811–839. 
@article{p22,
  author = {Plantier, M.},
  year = {2022},
  title = {Le choix en assurance affecte-t-il les comportements préventifs des assurés ? Une étude expérimentale},
  journal = {Revue économique},
  volume = {73},
  number = {5},
  pages = {811-839},
}

% Puelz, R. et Snow, A. [1994], “Evidence on Adverse Selection: Equilibrium Signaling and Cross-Subsidization in the Insurance Market”, Journal of Political Economy, 102(2), p. 236–257. 
@article{ps94,
  author = {Puelz, R. and Snow, A.},
  year = {1994},
  title = {Evidence on Adverse Selection: Equilibrium Signaling and Cross-Subsidization in the Insurance Market},
  journal = {Journal of Political Economy},
  volume = {102},
  number = {2},
  pages = {236-257},
}

% Quaife, M., Terris-Prestholt, F., Di Tanna, G. L. et Vickerman, P. [2018], “How Well Do Discrete Choice Experiments Predict Health Choices? A Systematic Review and Meta-Analysis of External Validity”, The European Journal of Health Economics, 19, p. 1053–1066. 
@article{qtdv18,
  author = {Quaife, M. and Terris-Prestholt, F. and Di Tanna, G. L. and Vickerman, P.},
  year = {2018},
  title = {How Well Do Discrete Choice Experiments Predict Health Choices? A Systematic Review and Meta-Analysis of External Validity},
  journal = {The European Journal of Health Economics},
  volume = {19},
  pages = {1053-1066},
}

% Richaudeau, D. [1999], “Automobile Insurance Contracts and Risk of Accident: An Empirical Test Using French Individual Data”, The Geneva Papers on Risk and Insurance Theory, 24, p. 97–114. 
@article{r99,
  author = {Richaudeau, D.},
  year = {1999},
  title = {Automobile Insurance Contracts and Risk of Accident: An Empirical Test Using French Individual Data},
  journal = {The Geneva Papers on Risk and Insurance Theory},
  volume = {24},
  pages = {97-114},
}

% Rothschild, M. et Stiglitz, J. [1976], “Equilibrium in Competitive Insurance Markets : An Essay on the Economics of Imperfect Information”, The Quarterly Journal of Economics, 90(4), p. 629–649. 
@article{rs76,
  author = {Rothschild, M. and Stiglitz, J.},
  year = {1976},
  title = {Equilibrium in Competitive Insurance Markets: An Essay on the Economics of Imperfect Information},
  journal = {The Quarterly Journal of Economics},
  volume = {90},
  number = {4},
  pages = {629-649},
}

% Saha, A. [1993], “Expo-power Utility : A “Flexible” Form for Absolute and Relative Risk Aversion”, American Journal of Agricultural Economics, 75(4), p. 905–913. 
@article{s93,
  author = {Saha, A.},
  year = {1993},
  title = {Expopower Utility: A Flexible Form for Absolute and Relative Risk Aversion},
  journal = {American Journal of Agricultural Economics},
  volume = {75},
  number = {4},
  pages = {905-913},
}

% Saito, K. [2006], “Testing for Asymmetric Information in the Automobile Insurance Market under Rate Regulation”, Journal of Risk and Insurance, 73(2), p. 335–356. 
@article{s06,
  author = {Saito, K.},
  year = {2006},
  title = {Testing for Asymmetric Information in the Automobile Insurance Market under Rate Regulation},
  journal = {Journal of Risk and Insurance},
  volume = {73},
  number = {2},
  pages = {335-356},
}

% Schlesinger, H. [2000], “The Theory of Insurance Demand”, in Dionne, G. (ed.), Handbook of Insurance, Dordrecht, Springer, p. 131–151. 
@incollection{s00,
  author = {Schlesinger, H.},
  year = {2000},
  title = {The Theory of Insurance Demand},
  pages = {131-151},
  editor = {Dionne, G.},
  address = {Dordrecht},
  publisher = {Springer},
  booktitle = {Handbook of Insurance},
}

% Schram, A. et Sonnemans, J. [2011], “How Individuals Choose Health Insurance: An Experimental Analysis”, European Economic Review, 55(6), p. 799–819. 
@article{ss11,
  author = {Schram, A. and Sonnemans, J.},
  year = {2011},
  title = {How Individuals Choose Health Insurance: An Experimental Analysis},
  journal = {European Economic Review},
  volume = {55},
  number = {6},
  pages = {799-819},
}

% Slovic, P., Fischhoff, B., Lichtenstein, S., Corrigan, B. et Combs, B. [1977], “Preference for Insuring against Probable Small Losses: Insurance Implications”, The Journal of Risk and Insurance, 44(2), p. 237–258. 
@article{sflcc77,
  author = {Slovic, P. and Fischhoff, B. and Lichtenstein, S. and Corrigan, B. and Combs, B.},
  year = {1977},
  title = {Preference for Insuring against Probable Small Losses: Insurance Implications},
  journal = {The Journal of Risk and Insurance},
  volume = {44},
  number = {2},
  pages = {237-258},
}

% Spenkuch, J. L. [2012], “Moral Hazard and Selection among the Poor: Evidence from a Randomized Experiment”, Journal of Health Economics, 31(1), p. 72–85. 
@article{s12,
  author = {Spenkuch, J. L.},
  year = {2012},
  title = {Moral Hazard and Selection among the Poor: Evidence from a Randomized Experiment},
  journal = {Journal of Health Economics},
  volume = {31},
  number = {1},
  pages = {72-85},
}

% Stanciole, A. [2008], “Health Insurance and Lifestyle Choices: Identifying Ex Ante Moral Hazard in the US Market”, The Geneva Papers on Risk and Insurance - Issues and Practice, 33(4), p. 627–644. 
@article{s08,
  author = {Stanciole, A.},
  year = {2008},
  title = {Health Insurance and Lifestyle Choices: Identifying Ex Ante Moral Hazard in the US Market},
  journal = {The Geneva Papers on Risk and Insurance},
  pages = {627-644},
  volume = {33},
  number = {4},
}

% Thaler, R. H. et Johnson, E. J. [1990], “Gambling with the House Money and Trying to Break Even: The Effects of Prior Outcomes on Risky Choice”, Management Science, 36(6), p. 643–660. 
@article{tj90,
  author = {Thaler, R. H. and Johnson, E. J.},
  year = {1990},
  title = {Gambling with the House Money and Trying to Break Even: The Effects of Prior Outcomes on Risky Choice},
  journal = {Management Science},
  volume = {36},
  number = {6},
  pages = {643-660},
}

% World Bank [2013], World Development Report 2014: Risk and Opportunity - Managing Risk for Development, Washington, D.C., World Bank 
@book{WorldBank2013,
  author = {{World Bank}},
  year = {2013},
  title = {World Development Report 2014: Risk and Opportunity -- Managing Risk for Development},
  address = {Washington, D. C.},
  publisher = {World Bank},
}

