@article{arad2012,
  title={The 11-20 Money Request Game: A Level-k Reasoning Study},
  author={Arad, Ayala and Rubinstein, Ariel},
  journal={The American Economic Review},
  volume={102},
  number={7},
  pages={3561--3573},
  year={2012},
  langid={french}
}

@article{chiappori2006,
  title={Asymmetric Information in Insurance: General Testable Implications},
  author={Chiappori, P.-A. and Julien, B. and Salani{\'e}, B. and Salani{\'e}, F.},
  journal={RAND Journal of Economics},
  volume={37},
  number={4},
  pages={783--798},
  year={2006},
  langid={french}
}

@book{keynes1936,
  title={Th{\'e}orie G{\'e}n{\'e}rale de l'Emploi, de l'Int{\'e}r{\^e}t et de la Monnaie},
  author={Keynes, John Maynard},
  year={1936},
  publisher={Payot},
  address={Paris},
  langid={french},
  note={Traduit par Jean de Largentaye}
}

@article{nagel1995,
  title={Unraveling in Guessing Games: An Experimental Study},
  author={Nagel, Rosemarie},
  journal={The American Economic Review},
  volume={85},
  number={5},
  pages={1313--1326},
  year={1995},
  langid={french}
}

@article{rothschild1976,
  title={Equilibrium in Competitive Insurance Markets: An Essay on the Economics of Imperfect Information},
  author={Rothschild, Michael and Stiglitz, Joseph},
  journal={Quarterly Journal of Economics},
  volume={90},
  pages={629--649},
  year={1976},
  langid={french}

}

@techreport{schimpl2003,
  title={Umsetzung der Berufsklassifikation von Blossfeld auf die Mikrozensen 1973-1998},
  author={Schimpl-Neimanns, Bernhard},
  year={2003},
  number={2003/10},
  type={ZUMA-Methodenbericht},
  langid={french}

}