% Created 2024-08-28 09:02:55 by https://text2bib.org. Algorithm version 2024-08-28 02:33:25.

%  Akerlof, George, Andrew Rose, Janet Yellen, and Helga Hessenius (1991). East Germany in from the Cold: The Economic Aftermath of Currency Union. Brookings Papers on Economic Activity 22 (1), 1–106. 
@article{AkerlofRoseYellenHessenius1991,
  author = {Akerlof, George and Andrew Rose and Janet Yellen and Helga Hessenius},
  year = {1991},
  title = {East Germany in from the Cold: The Economic Aftermath of Currency Union},
  journal = {Brookings Papers on Economic Activity},
  volume = {22},
  number = {1},
  pages = {1-106},
}

%   Alesina, Alberto, and Nicola Fuchs-Schündeln (2007, September). Good-bye Lenin (or Not?): The Effect of Communism on People’s Preferences. American Economic Review 97 (4), 1507–1528. 
@article{AlesinaFuchsSchundeln2007,
  month = {9},
  author = {Alesina, Alberto and Nicola Fuchs-Schündeln},
  year = {2007},
  title = {Good-bye Lenin (or Not?): The Effect of Communism on People's Preferences},
  journal = {American Economic Review},
  volume = {97},
  number = {4},
  pages = {1507-1528},
}

%   Black, Sandra E., Hannah Liepmann, Camille Remigereau, and Alexandra Spitz-Oener (2022). Govern- ment aid and child refugees’ economic success later in life: Evidence from post-WWII GDR refugees. Labour Economics 75, 102099. 
@article{BlackLiepmannRemigereauSpitzOener2022,
  author = {Black, Sandra E. and Hannah Liepmann and Camille Remigereau and Alexandra Spitz-Oener},
  year = {2022},
  title = {Government aid and child refugees' economic success later in life: Evidence from post-WWII GDR refugees},
  journal = {Labour Economics},
  volume = {75},
  pages = {102099},
}

%   Börsch-Supran, Axel, and Peter Schmidt (2001). Early Retirement in East and West Germany, pp. 83–102. Springer. 
@book{BorschSupranSchmidt2001,
  pages = {83--102},
  author = {Börsch-Supran, Axel and Peter Schmidt},
  year = {2001},
  title = {Early Retirement in East and West Germany},
  publisher = {Springer},
  }

%   Burda, Michael C., and Jennifer Hunt (2001). From reunification to economic integration: Productivity and the labor market in Eastern Germany. Brookings Papers on Economic Activity 2001 (2), 1–92. 
@article{BurdaHunt2001,
  author = {Burda, Michael C. and Jennifer Hunt},
  year = {2001},
  title = {From reunification to economic integration: Productivity and the labor market in Eastern Germany},
  journal = {Brookings Papers on Economic Activity},
  volume = {2001},
  number = {2},
  pages = {1-92},
}

%   Eichengreen, Barry, and Albrecht Ritschl (2009). Understanding West German economic growth in the 1950s. Cliometrica 3, 191–219. 
@article{EichengreenRitschl2009,
  author = {Eichengreen, Barry and Albrecht Ritschl},
  year = {2009},
  title = {Understanding West German economic growth in the 1950s},
  journal = {Cliometrica},
  volume = {3},
  pages = {191-219},
}

%   Emmler, Julian, and Bernd Fitzenberger (2020). The Role of Unemployment and Job Change When Estimating the Returns to Migration. IZA Discussion Paper (13740). 
@techreport{EmmlerFitzenberger2020,
  author = {Emmler, Julian and Bernd Fitzenberger},
  year = {2020},
  title = {The Role of Unemployment and Job Change When Estimating the Returns to Migration},
  institution = {IZA Discussion Paper (13740)},
}

%   Findeisen, Sebastian, Sang Yoon (Tim) Lee, Tommaso Porzio, and Wolfgang Dauth (2021). Transforming Institutions: Labor Reallocation and Wage Growth in a Reunified Germany. Working paper. 
@unpublished{FindeisenLeePorzioDauth2021,
  note = {Working paper},
  author = {Findeisen, Sebastian and Sang Yoon (Tim) Lee and Tommaso Porzio and Wolfgang Dauth},
  year = {2021},
  title = {Transforming Institutions: Labor Reallocation and Wage Growth in a Reunified Germany},
}

%   Fuchs-Schündeln, Nicola, and Rima Izem (2012). Explaining the low labor productivity in East Germany - A spatial analysis. Journal of Comparative Economics 40 (1), 1–21. 
@article{FuchsSchundelnIzem2012,
  author = {Fuchs-Schündeln, Nicola and Rima Izem},
  year = {2012},
  title = {Explaining the low labor productivity in East Germany - A spatial analysis},
  journal = {Journal of Comparative Economics},
  volume = {40},
  number = {1},
  pages = {1-21},
}

%   Fuchs-Schündeln, Nicola, and Matthias Schündeln (2009). Who stays, who goes, who returns? East-West migration within Germany since reunification. Economics of Transition 17 (4), 703–738. 
@article{FuchsSchundelnSchundeln2009,
  author = {Fuchs-Schündeln, Nicola and Matthias Schündeln},
  year = {2009},
  title = {Who stays, who goes, who returns? East-West migration within Germany since reunification},
  journal = {Economics of Transition},
  volume = {17},
  number = {4},
  pages = {703-738},
}

%   Gruenert, Holle (1996). Das Beschäftigungssystem der DDR. In B. Lutz, H. M. Nickel, R. Schmidt, and A. Sorge (Eds.), Arbeit, Arbeitsmarkt und Betriebe. Berichte der Kommission für die Erforschung des sozialen und politischen Wandels in den neuen Bundesländern e.V. (KSPW), pp. 17–68. Verlag für Sozialwissenschaften. 
@incollection{Gruenert1996,
  author = {Gruenert, Holle},
  year = {1996},
  title = {Das Beschäftigungssystem der DDR},
  pages = {17-68},
  editor = {B. Lutz and H. M. Nickel and R. Schmidt and A. Sorge},
  publisher = {Verlag für Sozialwissenschaften},
  booktitle = {Arbeit, Ar\-bei\-ts\-markt und Betriebe. Berichte der Kommission für die Erforschung des sozialen und politischen Wandels in den neuen Bundesländern e. V. (KSPW)},
  execute = {\sloppy}
}

%   Hoene, Bernd (1991). Labor market realities in Eastern Germany. Challenge 34 (4), 17–22. 
@article{Hoene1991,
  author = {Hoene, Bernd},
  year = {1991},
  title = {Labor market realities in Eastern Germany},
  journal = {Challenge},
  volume = {34},
  number = {4},
  pages = {17-22},
}

%   Huinink, Johannes, and Heike Solga (1994). Occupational Opportunities in the GDR: A Privilege of the Older Generations? Zeitschrift für Soziologie 23 (3), 237–253. 
@article{HuininkSolga1994,
  author = {Huinink, Johannes and Heike Solga},
  year = {1994},
  title = {Occupational Opportunities in the GDR: A Privilege of the Older Generations?},
  journal = {Zeitschrift für Soziologie},
  volume = {23},
  number = {3},
  pages = {237-253},
}

%   Hunt, Jennifer (2006). Staunching emigration from east Germany: Age and the determinants of migration. Journal of the European Economic Association 4 (5), 1014–1037. 
@article{Hunt2006,
  author = {Hunt, Jennifer},
  year = {2006},
  title = {Staunching emigration from east Germany: Age and the determinants of migration},
  journal = {Journal of the European Economic Association},
  volume = {4},
  number = {5},
  pages = {1014-1037},
}

%   Liepmann, Hannah, and Dana Müller (2018). A Proposed Data Set for Analyzing the Labor Market Trajectories of East Germans around Reunification. FDZ-Method Report 3. 
@article{LiepmannMuller2018,
  author = {Liepmann, Hannah and Dana Müller},
  year = {2018},
  title = {A Proposed Data Set for Analyzing the Labor Market Trajectories of East Germans around Reunification},
  journal = {FDZ-Method Report},
  volume = {3},
}

%   Lutz, Burkart, Hildegard Maria Nickel, Rudi Schmidt, and Arndt Sorge (Eds.) (1996). Arbeit, Arbeitsmarkt und Betriebe, Volume 1 of Berichte zum sozialen und politischen Wandel in Ostdeutschland. Opladen: Leske u. Budrich. 19 
@inbook{LutzNickelSchmidtSorge1996,
  editor = {Lutz, Burkart and Hildegard Maria Nickel and Rudi Schmidt and Arndt Sorge},
  year = {1996},
  chapter = {Arbeit, Arbeitsmarkt und Betriebe},
  title = {Berichte zum sozialen und politischen Wandel in Ostdeutschland},
  publisher = {Leske und Budrich},
  volume = {1},
}

%   Mayer, Karl Ulrich, and Heike Solga (1994). Mobilität und Legitimität: zum Vergleich der Chancen- strukturen in der alten DDR und der alten BRD oder: Haben Mobilitätschancen zu Stabilität und Zusammenbruch der DDR beigetragen? ; Ralf Dahrendorf zum 65. Geburtstag. Kölner Zeitschrift für Soziologie und Sozialpsychologie 46 (2), 193–208. 
@article{MayerSolga1994,
  author = {Mayer, Karl Ulrich and Heike Solga},
  year = {1994},
  title = {Mobilität und Legitimität: zum Vergleich der Chancenstrukturen in der alten DDR und der alten BRD oder: Haben Mobilitätschancen zu Stabilität und Zusammenbruch der DDR beigetragen? ; Ralf Dahrendorf zum 65. Geburtstag},
  journal = {Kölner Zeitschrift für Soziologie und Sozialpsychologie},
  volume = {46},
  number = {2},
  pages = {193-208},
}

%   Prantl, Susanne, and Alexandra Spitz-Oener (2009). How does entry regulation influence entry into self-employment and occupational mobility? Economics of Transition 17 (4), 769–802. 
@article{PrantlSpitzOener2009,
  author = {Prantl, Susanne and Alexandra Spitz-Oener},
  year = {2009},
  title = {How does entry regulation influence entry into self-employment and occupational mobility?},
  journal = {Economics of Transition},
  volume = {17},
  number = {4},
  pages = {769-802},
}

%   Prantl, Susanne, and Alexandra Spitz-Oener (2020). The Impact of Immigration on Competing Natives’ Wages: Evidence from German Reunification. The Review of Economics and Statistics 102 (1), 79–97. 
@article{PrantlSpitzOener2020,
  author = {Prantl, Susanne and Alexandra Spitz-Oener},
  year = {2020},
  title = {The Impact of Immigration on Competing Natives' Wages: Evidence from German Reunification},
  journal = {The Review of Economics and Statistics},
  volume = {102},
  number = {1},
  pages = {79-97},
}

%   Ritschl, Albrecht (1995). Aufstieg und Niedergang der Wirtschaft der DDR: Ein Zahlenbild 1945-1989. Jahrbuch für Wirtschaftsgeschichte/Economic History Yearbook 36 (2), 11–46. 
@article{Ritschl1995,
  author = {Ritschl, Albrecht},
  year = {1995},
  title = {Aufstieg und Niedergang der Wirtschaft der DDR: Ein Zahlenbild 1945-1989},
  journal = {Jahrbuch für Wirtschaftsgeschichte/Economic History Yearbook},
  volume = {36},
  number = {2},
  pages = {11-46},
}

%   Schnabel, Isabel (2004). The German Twin Crisis of 1931. The Journal of Economic History 64 (3), 822–871. 
@article{Schnabel2004,
  author = {Schnabel, Isabel},
  year = {2004},
  title = {The German Twin Crisis of 1931},
  journal = {The Journal of Economic History},
  volume = {64},
  number = {3},
  pages = {822-871},
}

%   Stauder, Johannes (2018). (Why) have women left East Germany more frequently than men? Heidelberger Jahrbücher Online 3, 73–97.  
@article{Stauder2018,
  author = {Stauder, Johannes},
  year = {2018},
  title = {(Why) have women left East Germany more frequently than men?},
  journal = {Heidelberger Jahrbücher Online},
  volume = {3},
  pages = {73-97},
}

