@article{alaoui2016,
  author = {L. Alaoui and A. Penta},
  title = {Endogenous Depth of Reasoning},
  journal = {Review of Economic Studies},
  year = {2016},
  volume = {83},
  number = {4},
  pages = {1297--1333}
}

@article{alosferrer2021,
  author = {C. Alos-Ferrer and J. B{\"u}ckenmaier},
  title = {Cognitive Sophistication and Deliberation Times},
  journal = {Experimental Economics},
  year = {2021},
  volume = {24},
  pages = {558--592}
}

@article{arad2012,
  author = {A. Arad and A. Rubinstein},
  title = {The 11-20 Money Request Game: A Level-k Reasoning Study},
  journal = {The American Economic Review},
  year = {2012},
  volume = {102},
  number = {7},
  pages = {3561--3573}
}

@article{crawford2013,
  author = {V. P. Crawford and M. A. Costa-Gomes and N. Iriberri},
  title = {Structural Models of Nonequilibrium Strategic Thinking: Theory, Evidence and Applications},
  journal = {Journal of Economic Literature},
  year = {2013},
  volume = {51},
  number = {1},
  pages = {5--62}
}

@article{ellsberg1961,
  author = {D. Ellsberg},
  title = {Risk, Ambiguity and the Savage Axioms},
  journal = {The Quarterly Journal of Economics},
  year = {1961},
  volume = {75},
  number = {4},
  pages = {643--669}
}

@article{fe2022,
  author = {E. Fe and D. Gill and V. Prowse},
  title = {Cognitive Skills, Strategic Sophistication, and Life Outcomes},
  journal = {Journal of Political Economy},
  year = {2022},
  volume = {130},
  number = {10},
  pages = {2643--2704}
}

@article{garciapola2020,
  author = {B. Garcia-Pola},
  title = {Do People Minimize Regret in Strategic Situations?},
  journal = {Games and Economic Behavior},
  year = {2020},
  volume = {124},
  pages = {82--104}
}

@article{goeree2018,
  author = {J. K. Goeree and P. Louis and J. Zhang},
  title = {Noisy Introspection in the 11-20 Game},
  journal = {The Economic Journal},
  year = {2018},
  volume = {128},
  pages = {1509--1530}
}

@article{halpern2012,
  author = {J. Y. Halpern and R. Pass},
  title = {Iterated Regret Minimization: A New Solution Concept},
  journal = {Games and Economic Behavior},
  year = {2012},
  volume = {74},
  pages = {184--207}
}

@article{li2018,
  author = {K. K. Li and K. Rong},
  title = {Choices in the 11-20 Game: The Role of Risk Aversion},
  journal = {Games MDPI},
  year = {2018},
  volume = {9},
  number = {3},
  pages = {<https://doi.org/10.3390/g9030053>}
}

@article{lindner2013,
  author = {F. Lindner and M. Sutter},
  title = {Level-k Reasoning and Time Pressure in the 11-20 Money Request Game},
  journal = {Economic Letters},
  year = {2013},
  volume = {120},
  pages = {542--545}
}

@article{linhart1989,
  author = {P. B. Linhart and R. Radner},
  title = {Minimax-Regret Strategies for Bargaining Over Several Variables},
  journal = {Journal of Economic Theory},
  year = {1989},
  volume = {48},
  pages = {152--178}
}

@article{nagel1995,
  author = {R. Nagel},
  title = {Unraveling in Guessing Games: An Experimental Study},
  journal = {The American Economic Review},
  year = {1995},
  volume = {85},
  number = {5},
  pages = {1313--1326}
}

@article{niehans1948,
  author = {J. Niehans},
  title = {Zur Preisbildung bei ungewissen Erwartungen},
  journal = {Schweizerische Zeitschrift f√ºr Volkswirtschaft und Statistik},
  year = {1948},
  volume = {84},
  pages = {433--456}
}

@article{renou2010,
  author = {L. Renou and K. H. Schlag},
  title = {Minimax Regret and Strategic Uncertainty},
  journal = {Journal of Economic Theory},
  year = {2010},
  volume = {145},
  pages = {264--286}
}

@article{savage1951,
  author = {L. J. Savage},
  title = {The Theory of Statistical Decision},
  journal = {Journal of the American Statistical Association},
  year = {1951},
  volume = {46},
  pages = {55--67}
}

@article{umbhauer2022,
  author = {G. Umbhauer},
  title = {Market Exit and Minimax Regret},
  journal = {International Game Theory Review},
  year = {2022},
  volume = {24},
  number = {4},
  pages = {<https://doi.org/10.1142/S021919892250013X>}
}
